1931 3123
745 239 537 112 Du baptesme.

469 343 1316 128 sent. Et faisant misericorde en mille

463 442 1319 125 generations/ a ceulx qui mayment et

466 536 1319 117 gardent mes commãdemens. Tu ne

466 627 1313 114 prẽdras poĩt le Nom de tõ Seigneur

469 720 1318 123 Dieu en uain/ car Dieu ne tiendra

466 817 1306 125 point innocẽt celuy qͥ prẽt son Nom en

469 910 1316 110 uain. Ayes souuenance du iour du re

469 1004 1321 117 pos pour le sanctifier. Six iours tu

466 1098 1303 112 trauailleras ⁊ feras toute tõ oeuure/

466 1191 1321 125 le septiesme cest le repos de ton seigñr

463 1288 1327 117 dieu. Tu ne feras aucune oeuure ne

463 1379 1327 125 toy/ ne ton filz/ ne ta fille/ ne ton serui

466 1480 1316 110 teur/ ne ta chamberiere/ ne tõ bestiail/

463 1574 1324 115 ne lestrangier qui est dedans tes por¬

471 1657 1321 128 tes: car en six ioͬs Dieu a faict le ciel

471 1754 1301 119 et la terre/ la mer et tout ce qui est en

471 1847 1316 120 iceulx: ⁊ se reposa au septiesme iour.

474 1941 1308 127 Pourtant il a beneist le iour du repos

474 2032 1318 130 ⁊ la sanctifie. Honnore ton pere et ta

471 2131 1324 122 mere affin que tes iours soyent prolõ

479 2219 1321 131 gez sur la terre laq̃lle ton Seigneur

482 2313 1318 112 Dieu te dõne. Tu ne tueras point.

479 2409 1313 118 Tu ne paillarderas point. Tu ne des

476 2514 1324 98 roberas point. Tu ne diras point

479 2594 1313 130 faulx tesmoignage cõtre tõ ꝓchain.

482 2701 1313 130 Tu ne cõuoiteras point la maison de

1652 2787 133 138 ton
