1931 3123
661 249 1056 115 De la Cene de nostre Seigñr.

523 346 1301 153 accroissions iournellemẽt en seure cõ¬

526 447 1308 146 fiance de sa bõte/ laquelle il a si large

523 551 1306 133 ment espandue sur nous/ ⁊ que luy en

529 640 1310 140 rendant la louenge qui luy appartiẽt

534 728 1305 141 semblablement que par sa grande be¬

531 817 1314 148 nignite il se ueuille aussy manifester

536 913 1311 133 a toꝰ ceulx qui sont sur la terre/ ⁊ les

539 1007 1306 132 appelle a la participation de ce biẽ ine

536 1100 1306 136 narrable: nous rẽplissant tous ensem

542 1194 1308 141 ble de son sainct Esprit/ faisant que

547 1293 1305 127 tous soyons unis urayemẽt en ung

549 1376 1309 149 corps par uifue ⁊ uraye foy/ laq̃lle il

549 1473 1306 140 luy plaise augmẽter en nous: ⁊ ainsi

547 1577 1316 130 que exterieuremẽt ⁊ par dehors en la

552 1657 1303 141 saincte table auõs rẽdu tesmoingnai

552 1748 1298 151 ge destre des disciples de Iesꝰ/ il noꝰ

552 1845 1303 140 doint la grace de urayement le estre/

555 1938 1297 136 en perseuerant en sa saincte doctrine/

557 2024 1306 141 separez de toute infidelite ⁊ du mõde/

562 2128 1311 133 uiuans tous en uraye charite/ secou¬

557 2222 1311 128 rãt lung a laultre en tout biẽ de cueͬ/

565 2305 1313 141 de parolle/ ⁊ de faict. A quoy pour la¬

562 2407 1311 140 mour diceluy qui tant noꝰ a ayme ta¬

568 2493 1308 138 chez ⁊ prenez peine. Et estans partici

565 2586 1308 149 pans de la table de nostre Seigneur

581 2680 1290 164 cõme mẽbres de Iesus/ ne soyez par¬

1613 2782 263 114 ticipãs

257 1280 287 96 1.cor.10.d

257 1374 292 99 Act.4.g.

260 1452 271 140 Eph.4.a

263 2711 299 128 2.co.6.c.d
