1931 3123
529 200 510 127 Du mariage.

127 317 1277 120 Filz est en la dñation du Pere ⁊ de

122 419 1272 117 la Mere/ a eulx appartient le dõner:

109 510 1287 114 ainsi est il de la fille/ si dauenture ilz

104 608 1279 112 nestoyent emancipez. Pourtant affin

114 700 1287 117 quen ce sainct estat il ny ait fraulde/ ⁊

114 796 1285 101 quon ne trompe ⁊ deceoiue mescham¬

106 900 1298 99 ment quelque bon filz/ ⁊ de gens de

93 975 1306 118 bien le circõuenant/ luy faisant pren¬

88 1067 1311 119 dre quelque meschante/ auecques la¬

101 1160 1303 115 q̃lle iamais nauroit bien/ sans le sceu

106 1249 1290 109 des parens. Et aussi que quelque bõ¬

106 1345 1290 109 ne fille de gẽs de biẽ ne soit surprinse

104 1444 1292 112 par aucun garnemẽt/ luy donnãt q̃l¬

106 1538 1303 111 que enfant perdu/ sans le cõsentemẽt

109 1623 1298 110 des parens. Pour obuier a toutes tel¬

106 1728 1303 101 les fraudes/ par deux ou troys dimẽ¬

104 1821 1295 94 ches/ lon denõce le mariage aduenir/

104 1899 1292 128 deuant toute lEglise/ cõgregation/ ⁊

112 1998 1292 117 parroisse: affin q̃ tous empeschemens

117 2092 1287 117 (sil en y a) soyent notifiez/ ⁊ q̃ ce beau

114 2183 1280 109 ⁊ sainct mariage/ ne soit faict q̃ deue¬

112 2271 1284 123 ment/ ⁊ auoir faict la proclamatiõ en

114 2360 1293 127 toute la saincte assemblee/ ⁊ q̃ nul em¬

122 2461 1274 107 peschemẽt nest trouue ne cõtradictiõ/

125 2555 1282 122 au iour des nopces en lassẽblee. Ainsi

125 2646 1011 141 sont espousez comme sensuyt.

875 2745 540 151 C 5 Nostre
