<?xml version="1.0" encoding="UTF-8"?>
<alto xmlns:xsi="http://www.w3.org/2001/XMLSchema-instance"
      xmlns="http://www.loc.gov/standards/alto/ns-v4#"
      xsi:schemaLocation="http://www.loc.gov/standards/alto/ns-v4# http://www.loc.gov/standards/alto/v4/alto-4-2.xsd">
  <Description>
    <MeasurementUnit>pixel</MeasurementUnit>
    <sourceImageInformation>
      <fileName>45_13793_default.jpg</fileName>
      <fileIdentifier>https://www.e-rara.ch/i3f/v20/9481842/full/full/0/default.jpg</fileIdentifier>
    </sourceImageInformation>
  </Description>
  
  <Tags>
    <OtherTag ID="BT1097" LABEL="DamageZone" DESCRIPTION="block type DamageZone"/><OtherTag ID="BT1098" LABEL="GraphicZone" DESCRIPTION="block type GraphicZone"/><OtherTag ID="BT1099" LABEL="MainZone" DESCRIPTION="block type MainZone"/><OtherTag ID="BT1100" LABEL="MarginTextZone" DESCRIPTION="block type MarginTextZone"/><OtherTag ID="BT1101" LABEL="NumberingZone" DESCRIPTION="block type NumberingZone"/><OtherTag ID="BT1102" LABEL="QuireMarksZone" DESCRIPTION="block type QuireMarksZone"/><OtherTag ID="BT1105" LABEL="RunningTitleZone" DESCRIPTION="block type RunningTitleZone"/><OtherTag ID="BT1106" LABEL="StampZone" DESCRIPTION="block type StampZone"/><OtherTag ID="BT1107" LABEL="TableZone" DESCRIPTION="block type TableZone"/><OtherTag ID="BT1108" LABEL="TitlePageZone" DESCRIPTION="block type TitlePageZone"/><OtherTag ID="BT1109" LABEL="DropCapitalZone" DESCRIPTION="block type DropCapitalZone"/><OtherTag ID="BT1326" LABEL="MarginTextZone:handwrittenAddition" DESCRIPTION="block type MarginTextZone:handwrittenAddition"/>
    <OtherTag ID="LT406" LABEL="DefaultLine" DESCRIPTION="line type DefaultLine"/><OtherTag ID="LT407" LABEL="HeadingLine" DESCRIPTION="line type HeadingLine"/><OtherTag ID="LT408" LABEL="DropCapitalLine" DESCRIPTION="line type DropCapitalLine"/>
  </Tags>
  
  <Layout>
    <Page WIDTH="1931"
          HEIGHT="3123"
          PHYSICAL_IMG_NR="45"
          ID="eSc_dummypage_">
      <PrintSpace HPOS="0"
                  VPOS="0"
                  WIDTH="1931"
                  HEIGHT="3123">
        
        <TextBlock HPOS="410"
                   VPOS="248"
                   WIDTH="1391"
                   HEIGHT="2658"
                   ID="eSc_textblock_97694d17"
                   TAGREFS="BT1099">
          <Shape><Polygon POINTS="410 248 457 2906 1801 2816 1801 248"/></Shape>
          
          
          <TextLine ID="eSc_line_507c55ca"
                    TAGREFS="LT407"
                    BASELINE="865 361 1375 361" 
                    HPOS="865"
                    VPOS="270"
                    WIDTH="510"
                    HEIGHT="107">
            <Shape><Polygon POINTS="1334 288 1308 288 1282 286 1256 286 1230 283 1203 283 1177 281 1151 281 1125 281 1099 278 1073 278 1047 275 1021 275 995 275 969 273 964 273 943 273 932 270 888 270 865 283 865 361 865 377 1375 374 1375 361 1368 299 1360 288"/></Shape>
	    <String CONTENT="Du mariage."
                    HPOS="865"
                    VPOS="270"
                    WIDTH="510"
                    HEIGHT="107"></String>
          </TextLine>

          
          
          <TextLine ID="eSc_line_c6bfb71d"
                    TAGREFS="LT407"
                    BASELINE="596 481 1560 470" 
                    HPOS="591"
                    VPOS="369"
                    WIDTH="967"
                    HEIGHT="128">
            <Shape><Polygon POINTS="594 478 594 497 1555 481 1558 468 1553 395 1467 395 1467 392 1438 369 1435 369 1433 369 1430 369 1323 392 1310 395 1289 392 1193 379 1190 379 1065 392 1013 398 1003 392 979 374 977 374 974 374 893 374 891 374 888 374 886 374 886 377 870 392 862 398 823 392 727 377 724 377 591 390 594 478"/></Shape>
	    <String CONTENT="¶ Puis parlant a lespouse/ dit:"
                    HPOS="591"
                    VPOS="369"
                    WIDTH="967"
                    HEIGHT="128"></String>
          </TextLine>

          
          
          <TextLine ID="eSc_line_b9ddb773"
                    TAGREFS="LT406"
                    BASELINE="523 577 1740 559" 
                    HPOS="521"
                    VPOS="471"
                    WIDTH="1219"
                    HEIGHT="127">
            <Shape><Polygon POINTS="1719 491 1693 486 1678 481 1587 478 1584 478 1581 478 1563 486 1542 491 1516 486 1490 478 1487 478 1485 478 1482 478 1480 478 1469 486 1461 491 1451 486 1433 471 1430 471 1428 471 1425 471 1422 471 1375 486 1336 497 1323 486 1315 478 1315 476 1313 476 1310 476 1250 473 1248 473 1125 486 956 502 904 486 883 478 880 478 878 478 875 478 872 478 865 486 839 504 776 486 760 481 758 481 755 481 729 486 625 504 594 486 594 484 591 484 588 484 586 484 521 484 523 577 523 598 771 582 872 593 901 595 904 595 906 595 917 593 956 580 1130 580 1149 588 1159 593 1162 593 1164 593 1357 590 1360 590 1362 590 1370 585 1388 572 1407 585 1412 588 1415 588 1417 588 1420 588 1461 582 1573 569 1592 580 1592 582 1594 582 1597 582 1600 582 1738 577 1740 559 1735 494 1719 491"/></Shape>
	    <String CONTENT="Uous. N. confessez icy deuant"
                    HPOS="521"
                    VPOS="471"
                    WIDTH="1219"
                    HEIGHT="127"></String>
          </TextLine>

          
          
          <TextLine ID="eSc_line_eb44ddb9"
                    TAGREFS="LT406"
                    BASELINE="429 674 1735 653" 
                    HPOS="427"
                    VPOS="562"
                    WIDTH="1308"
                    HEIGHT="132">
            <Shape><Polygon POINTS="1550 562 1448 577 1401 582 1326 577 1206 569 1183 569 1157 569 1130 569 1104 569 1094 569 1091 569 1089 569 1071 580 1055 588 1013 580 979 572 977 572 974 572 948 580 904 590 862 580 841 575 839 575 836 575 833 575 813 580 779 588 745 580 729 577 727 577 724 577 721 577 719 580 700 593 429 582 427 585 429 674 429 681 729 694 732 694 734 694 784 679 810 692 813 692 815 692 818 692 820 692 820 689 833 676 1042 676 1076 689 1078 689 1081 689 1172 674 1235 687 1237 687 1240 687 1243 687 1261 671 1323 684 1326 684 1573 666 1683 679 1686 679 1688 679 1735 661 1735 653 1727 577 1613 577 1607 577 1573 562 1550 562"/></Shape>
	    <String CONTENT="Dieu ⁊ sa saincte assẽblee/ que uous"
                    HPOS="427"
                    VPOS="562"
                    WIDTH="1308"
                    HEIGHT="132"></String>
          </TextLine>

          
          
          <TextLine ID="eSc_line_7f22311c"
                    TAGREFS="LT406"
                    BASELINE="427 762 1735 746" 
                    HPOS="424"
                    VPOS="655"
                    WIDTH="1311"
                    HEIGHT="128">
            <Shape><Polygon POINTS="1545 658 1519 658 1503 658 1464 671 1446 679 1292 684 1261 676 1219 663 1206 663 1201 663 1185 679 1180 681 1177 679 1170 671 1167 671 1164 671 1162 671 1123 679 1099 684 1089 679 1060 666 1050 666 1026 666 901 681 875 668 872 668 870 668 867 668 823 684 776 668 763 668 755 668 732 687 711 671 708 671 706 671 703 671 609 692 604 692 599 692 544 674 542 674 539 674 424 694 427 762 427 783 1078 783 1078 780 1240 767 1308 762 1344 765 1441 775 1443 775 1501 762 1516 759 1732 759 1735 746 1730 666 1553 655 1545 658"/></Shape>
	    <String CONTENT="auez prins ⁊ prenez. N. pour uo¬"
                    HPOS="424"
                    VPOS="655"
                    WIDTH="1311"
                    HEIGHT="128"></String>
          </TextLine>

          
          
          <TextLine ID="eSc_line_d5c999a0"
                    TAGREFS="LT406"
                    BASELINE="429 856 1738 838" 
                    HPOS="427"
                    VPOS="749"
                    WIDTH="1311"
                    HEIGHT="125">
            <Shape><Polygon POINTS="1618 749 1615 749 1613 749 1592 754 1545 767 1529 757 1527 754 1524 754 1521 754 1519 754 1516 754 1511 757 1487 767 1375 759 1279 754 1276 754 1274 754 1271 754 1271 757 1263 762 1256 772 1149 772 1084 767 998 762 995 762 992 762 990 762 979 770 974 775 935 772 836 765 833 765 831 765 802 775 794 778 789 775 737 762 734 762 732 762 630 778 594 765 591 765 588 765 586 765 552 780 453 765 450 765 448 765 445 765 427 778 429 856 429 874 802 861 1349 866 1399 866 1401 866 1404 866 1407 866 1407 864 1420 853 1558 864 1563 864 1566 864 1568 864 1602 851 1735 861 1738 838 1730 752 1665 762 1633 754 1620 749 1618 749"/></Shape>
	    <String CONTENT="stre legitime mary/ auquel promettez"
                    HPOS="427"
                    VPOS="749"
                    WIDTH="1311"
                    HEIGHT="125"></String>
          </TextLine>

          
          
          <TextLine ID="eSc_line_6f3365a6"
                    TAGREFS="LT406"
                    BASELINE="435 947 1745 931" 
                    HPOS="432"
                    VPOS="845"
                    WIDTH="1313"
                    HEIGHT="125">
            <Shape><Polygon POINTS="1310 845 1237 858 1203 864 1183 858 1138 848 1136 848 1133 848 1130 848 1099 861 1084 866 1052 861 974 851 972 851 888 866 870 869 865 866 849 853 846 853 844 853 841 853 839 853 794 869 786 869 779 869 693 853 690 853 687 853 646 871 643 871 633 871 495 856 492 856 489 856 432 874 435 947 435 957 599 970 601 970 604 970 643 957 654 955 690 957 846 968 849 968 852 968 904 955 919 952 951 955 1055 965 1058 965 1060 965 1063 965 1081 955 1089 949 1099 952 1123 962 1125 962 1128 962 1743 947 1745 931 1738 848 1490 861 1472 853 1456 845 1454 845 1451 845 1448 845 1417 853 1396 858 1373 856 1313 845 1310 845"/></Shape>
	    <String CONTENT="obeyr/ luy seruãt ⁊ estant subiecte/ ui"
                    HPOS="432"
                    VPOS="845"
                    WIDTH="1313"
                    HEIGHT="125"></String>
          </TextLine>

          
          
          <TextLine ID="eSc_line_0f63917f"
                    TAGREFS="LT406"
                    BASELINE="435 1041 1743 1022" 
                    HPOS="432"
                    VPOS="934"
                    WIDTH="1311"
                    HEIGHT="120">
            <Shape><Polygon POINTS="1688 934 1686 934 1683 934 1657 934 1631 934 1605 934 1579 934 1558 934 1555 934 1553 934 1545 936 1516 949 1407 939 1368 936 1365 936 1362 936 1349 939 1308 952 1232 942 1203 939 1201 939 1198 939 1196 939 1190 942 1175 955 1128 944 1112 942 1110 942 1081 944 987 957 888 947 839 944 836 944 833 944 813 949 768 960 703 952 667 947 664 947 635 952 591 962 432 957 435 1041 435 1054 1740 1046 1743 1022 1732 934 1706 947 1691 934 1688 934"/></Shape>
	    <String CONTENT="uant sainctement/ luy gardant foy et"
                    HPOS="432"
                    VPOS="934"
                    WIDTH="1311"
                    HEIGHT="120"></String>
          </TextLine>

          
          
          <TextLine ID="eSc_line_9bff25a3"
                    TAGREFS="LT406"
                    BASELINE="432 1134 1740 1116" 
                    HPOS="429"
                    VPOS="1027"
                    WIDTH="1311"
                    HEIGHT="128">
            <Shape><Polygon POINTS="1461 1027 1360 1043 1336 1046 1329 1043 1295 1030 1292 1030 1289 1030 1287 1030 1284 1030 1284 1033 1271 1043 1269 1046 1266 1046 1240 1035 1237 1035 1235 1035 1078 1048 1058 1048 1052 1048 995 1033 982 1033 948 1051 943 1051 935 1051 870 1035 867 1035 729 1054 721 1054 714 1054 625 1038 612 1041 604 1041 581 1056 573 1056 461 1041 458 1041 456 1041 429 1054 432 1134 432 1152 656 1142 740 1150 802 1155 805 1155 807 1155 826 1147 849 1137 1016 1137 1076 1142 1157 1150 1159 1150 1224 1139 1256 1134 1323 1137 1490 1145 1493 1145 1495 1145 1498 1145 1498 1142 1501 1142 1508 1132 1511 1132 1547 1145 1550 1145 1553 1145 1738 1126 1740 1116 1735 1038 1464 1027 1461 1027"/></Shape>
	    <String CONTENT="loyaulte en toutes choses: ainsi q̃ une"
                    HPOS="429"
                    VPOS="1027"
                    WIDTH="1311"
                    HEIGHT="128"></String>
          </TextLine>

          
          
          <TextLine ID="eSc_line_97be9132"
                    TAGREFS="LT406"
                    BASELINE="437 1230 1730 1212" 
                    HPOS="435"
                    VPOS="1121"
                    WIDTH="1295"
                    HEIGHT="133">
            <Shape><Polygon POINTS="1506 1121 1503 1121 1412 1137 1362 1121 1347 1124 1344 1124 1305 1142 1201 1142 1183 1124 1164 1124 1138 1145 1044 1145 1011 1126 1008 1126 1000 1126 969 1145 839 1129 836 1129 833 1129 766 1147 729 1132 727 1132 721 1132 695 1132 669 1132 643 1132 617 1134 607 1134 575 1147 463 1134 461 1134 458 1134 456 1134 435 1147 437 1230 440 1254 495 1238 539 1251 542 1251 544 1251 547 1251 581 1238 734 1246 789 1249 792 1249 818 1243 875 1233 922 1241 953 1246 956 1246 1183 1233 1360 1225 1441 1228 1709 1236 1712 1236 1714 1236 1717 1236 1730 1223 1730 1212 1725 1137 1540 1137 1508 1121 1506 1121"/></Shape>
	    <String CONTENT="fidele ⁊ loyalle espouse doibt a son ma"
                    HPOS="435"
                    VPOS="1121"
                    WIDTH="1295"
                    HEIGHT="133"></String>
          </TextLine>

          
          
          <TextLine ID="eSc_line_99969cc9"
                    TAGREFS="LT406"
                    BASELINE="440 1322 1732 1303" 
                    HPOS="437"
                    VPOS="1217"
                    WIDTH="1295"
                    HEIGHT="128">
            <Shape><Polygon POINTS="1506 1217 1503 1217 1485 1225 1474 1228 1469 1225 1459 1217 1454 1217 1438 1217 1430 1225 1422 1233 1289 1233 1284 1228 1274 1220 1271 1220 1245 1220 1219 1220 1193 1220 1167 1223 1162 1223 1151 1230 1146 1236 1099 1233 990 1223 985 1225 958 1225 945 1236 943 1238 919 1236 818 1228 815 1228 813 1228 810 1228 810 1230 807 1230 802 1238 800 1241 781 1241 648 1228 646 1228 620 1230 594 1230 578 1230 437 1246 440 1322 440 1345 1730 1324 1732 1303 1725 1220 1579 1228 1553 1223 1527 1217 1506 1217"/></Shape>
	    <String CONTENT="ry selon la parolle de Dieu ⁊ le sainct"
                    HPOS="437"
                    VPOS="1217"
                    WIDTH="1295"
                    HEIGHT="128"></String>
          </TextLine>

          
          
          <TextLine ID="eSc_line_42d702ba"
                    TAGREFS="LT406"
                    BASELINE="445 1418 836 1407" 
                    HPOS="443"
                    VPOS="1322"
                    WIDTH="393"
                    HEIGHT="114">
            <Shape><Polygon POINTS="445 1418 445 1436 836 1418 836 1407 831 1340 737 1322 734 1322 732 1322 729 1322 729 1324 727 1324 716 1337 711 1332 711 1329 708 1329 706 1329 703 1329 615 1340 588 1342 586 1340 565 1327 562 1327 560 1327 557 1327 443 1340 445 1418"/></Shape>
	    <String CONTENT="Euangile."
                    HPOS="443"
                    VPOS="1322"
                    WIDTH="393"
                    HEIGHT="114"></String>
          </TextLine>

          
          
          <TextLine ID="eSc_line_dcf24595"
                    TAGREFS="LT407"
                    BASELINE="687 1501 1154 1497" 
                    HPOS="682"
                    VPOS="1400"
                    WIDTH="469"
                    HEIGHT="125">
            <Shape><Polygon POINTS="734 1407 714 1407 682 1423 685 1499 685 1525 1149 1512 1151 1496 1149 1426 1063 1400 1060 1400 1058 1400 1055 1400 1052 1400 1026 1420 966 1400 964 1400 872 1400 870 1400 867 1400 865 1400 831 1420 745 1407 734 1407"/></Shape>
	    <String CONTENT="¶ Respond."
                    HPOS="682"
                    VPOS="1400"
                    WIDTH="469"
                    HEIGHT="125"></String>
          </TextLine>

          
          
          <TextLine ID="eSc_line_7467a29c"
                    TAGREFS="LT406"
                    BASELINE="1282 1495 1511 1493" 
                    HPOS="1276"
                    VPOS="1402"
                    WIDTH="232"
                    HEIGHT="125">
            <Shape><Polygon POINTS="1279 1493 1279 1509 1461 1527 1464 1527 1467 1527 1508 1506 1508 1491 1503 1426 1412 1426 1409 1423 1365 1402 1362 1402 1360 1402 1276 1418 1279 1493"/></Shape>
	    <String CONTENT="Ouy."
                    HPOS="1276"
                    VPOS="1402"
                    WIDTH="232"
                    HEIGHT="125"></String>
          </TextLine>

          
          
          <TextLine ID="eSc_line_1dc39ddf"
                    TAGREFS="LT407"
                    BASELINE="752 1610 1446 1592" 
                    HPOS="745"
                    VPOS="1504"
                    WIDTH="698"
                    HEIGHT="119">
            <Shape><Polygon POINTS="750 1608 750 1623 1443 1605 1443 1590 1438 1517 1269 1504 1266 1504 1263 1504 1224 1522 1094 1522 1047 1509 1044 1509 1042 1509 909 1527 846 1514 844 1514 745 1532 750 1608"/></Shape>
	    <String CONTENT="¶ Puis le ministre dit."
                    HPOS="745"
                    VPOS="1504"
                    WIDTH="698"
                    HEIGHT="119"></String>
          </TextLine>

          
          
          <TextLine ID="eSc_line_062aee99"
                    TAGREFS="LT406"
                    BASELINE="542 1702 1756 1678" 
                    HPOS="539"
                    VPOS="1590"
                    WIDTH="1217"
                    HEIGHT="132">
            <Shape><Polygon POINTS="1712 1618 1686 1613 1659 1608 1633 1600 1607 1595 1602 1592 1594 1603 1503 1590 1501 1590 1498 1590 1495 1590 1477 1605 1474 1605 1029 1600 1008 1603 982 1603 977 1603 964 1613 883 1603 878 1605 852 1605 805 1618 680 1605 677 1605 674 1605 672 1605 651 1621 591 1610 591 1613 565 1626 539 1642 542 1702 542 1709 672 1722 674 1722 677 1722 716 1709 1193 1712 1196 1712 1198 1712 1201 1712 1222 1699 1230 1699 1315 1709 1318 1709 1756 1689 1756 1678 1719 1621 1712 1618"/></Shape>
	    <String CONTENT="Le Pere de toute misericorde qͥ de"
                    HPOS="539"
                    VPOS="1590"
                    WIDTH="1217"
                    HEIGHT="132"></String>
          </TextLine>

          
          
          <TextLine ID="eSc_line_26c16f13"
                    TAGREFS="LT406"
                    BASELINE="450 1790 1751 1769" 
                    HPOS="448"
                    VPOS="1681"
                    WIDTH="1303"
                    HEIGHT="138">
            <Shape><Polygon POINTS="1639 1681 1636 1681 1633 1681 1628 1683 1594 1699 1573 1683 1571 1683 1568 1683 1566 1683 1563 1683 1560 1683 1537 1702 1448 1686 1438 1686 1425 1686 1422 1686 1404 1704 1209 1689 1203 1691 1177 1691 1151 1691 1141 1691 1094 1712 1018 1712 987 1694 972 1694 930 1712 841 1696 839 1696 813 1696 786 1699 760 1699 734 1699 708 1699 700 1699 674 1715 448 1702 450 1790 450 1819 800 1800 948 1806 1081 1811 1084 1811 1086 1811 1089 1811 1089 1808 1097 1803 1104 1795 1159 1800 1253 1808 1256 1808 1258 1808 1261 1808 1261 1806 1263 1806 1269 1798 1274 1793 1313 1795 1422 1806 1425 1806 1428 1806 1430 1806 1430 1803 1443 1793 1446 1790 1467 1793 1584 1803 1587 1803 1751 1782 1751 1769 1738 1681 1709 1699 1649 1683 1641 1681 1639 1681"/></Shape>
	    <String CONTENT="sa grace uoꝰ a appellez a ce saĩct estat"
                    HPOS="448"
                    VPOS="1681"
                    WIDTH="1303"
                    HEIGHT="138"></String>
          </TextLine>

          
          
          <TextLine ID="eSc_line_aa83bcaa"
                    TAGREFS="LT406"
                    BASELINE="448 1884 1738 1863" 
                    HPOS="445"
                    VPOS="1777"
                    WIDTH="1293"
                    HEIGHT="130">
            <Shape><Polygon POINTS="448 1884 448 1894 661 1894 708 1907 711 1907 714 1907 716 1907 742 1894 779 1907 781 1907 784 1907 786 1907 844 1892 891 1907 893 1907 896 1907 1042 1889 1086 1905 1089 1905 1091 1905 1094 1905 1162 1886 1219 1902 1222 1902 1224 1902 1227 1902 1261 1884 1269 1884 1409 1899 1412 1899 1415 1899 1448 1886 1686 1894 1688 1894 1691 1894 1738 1876 1738 1863 1732 1777 1600 1777 1597 1777 1594 1777 1589 1780 1555 1795 1454 1782 1433 1780 1430 1780 1415 1782 1344 1798 1308 1785 1300 1782 1297 1782 1295 1782 1292 1782 1284 1785 1245 1800 1034 1790 969 1787 966 1787 940 1793 870 1808 750 1808 716 1795 706 1793 703 1793 700 1793 672 1798 601 1811 445 1803 448 1884"/></Shape>
	    <String CONTENT="de mariage/ yoͬ lamour de Iesuchrist"
                    HPOS="445"
                    VPOS="1777"
                    WIDTH="1293"
                    HEIGHT="130"></String>
          </TextLine>

          
          
          <TextLine ID="eSc_line_0a80f371"
                    TAGREFS="LT406"
                    BASELINE="450 1983 1745 1957" 
                    HPOS="448"
                    VPOS="1865"
                    WIDTH="1297"
                    HEIGHT="144">
            <Shape><Polygon POINTS="1615 1865 1613 1865 1587 1876 1568 1884 1553 1876 1532 1868 1529 1868 1527 1868 1524 1868 1498 1879 1477 1889 1347 1889 1336 1881 1318 1873 1315 1873 1313 1873 1310 1873 1287 1884 1274 1892 1084 1894 1063 1889 1026 1879 1024 1879 1021 1879 945 1892 917 1897 901 1894 867 1884 865 1884 862 1884 859 1884 857 1884 841 1894 833 1899 815 1894 763 1884 760 1884 604 1886 601 1886 599 1886 578 1902 573 1905 552 1902 474 1889 471 1889 469 1889 466 1889 448 1899 450 1983 450 2009 656 1993 672 2003 677 2006 680 2006 682 2006 685 2006 805 2003 807 2003 818 1998 839 1988 893 1996 935 2001 938 2001 998 1993 1047 1985 1058 1990 1073 1998 1076 1998 1078 1998 1081 1998 1084 1998 1094 1990 1102 1983 1177 1985 1295 1993 1297 1993 1370 1980 1388 1977 1399 1980 1441 1990 1443 1990 1446 1990 1448 1990 1451 1990 1464 1980 1477 1990 1480 1990 1482 1990 1485 1990 1487 1990 1534 1975 1537 1975 1542 1975 1613 1988 1615 1988 1745 1967 1745 1957 1738 1873 1693 1881 1659 1873 1618 1865 1615 1865"/></Shape>
	    <String CONTENT="son filz qͥ par sa saincte pñce a sãctifie"
                    HPOS="448"
                    VPOS="1865"
                    WIDTH="1297"
                    HEIGHT="144"></String>
          </TextLine>

          
          
          <TextLine ID="eSc_line_94df9d3e"
                    TAGREFS="LT406"
                    BASELINE="445 2068 1745 2045" 
                    HPOS="443"
                    VPOS="1964"
                    WIDTH="1302"
                    HEIGHT="123">
            <Shape><Polygon POINTS="445 2068 445 2087 1743 2076 1745 2045 1740 1980 1600 1964 1597 1964 1594 1964 1542 1980 1193 1972 1190 1972 1188 1972 1185 1972 1159 1988 1115 1975 1112 1975 1110 1975 1013 1990 1008 1990 1005 1990 875 1977 872 1977 870 1977 867 1977 844 1993 841 1996 672 1996 633 1983 630 1983 628 1983 625 1983 622 1983 622 1985 609 1996 471 1985 469 1985 466 1985 443 1996 445 2068"/></Shape>
	    <String CONTENT="le mariage/ faisant la le premier signe"
                    HPOS="443"
                    VPOS="1964"
                    WIDTH="1302"
                    HEIGHT="123"></String>
          </TextLine>

          
          
          <TextLine ID="eSc_line_ebe99601"
                    TAGREFS="LT406"
                    BASELINE="461 2155 1738 2144" 
                    HPOS="458"
                    VPOS="2061"
                    WIDTH="1277"
                    HEIGHT="125">
            <Shape><Polygon POINTS="458 2186 1495 2162 1730 2173 1735 2141 1730 2074 1553 2061 1550 2061 1547 2061 1511 2074 1495 2076 1469 2074 1415 2063 1412 2063 1344 2074 1295 2079 1263 2074 1222 2063 1219 2063 1141 2074 1068 2082 1013 2074 972 2066 969 2066 966 2066 953 2074 930 2087 820 2087 794 2074 786 2068 784 2068 781 2068 708 2074 510 2087 458 2074 458 2154 458 2186"/></Shape>
	    <String CONTENT="deuant ses apostres/ uous doint son"
                    HPOS="458"
                    VPOS="2061"
                    WIDTH="1277"
                    HEIGHT="125"></String>
          </TextLine>

          
          
          <TextLine ID="eSc_line_53be07f2"
                    TAGREFS="LT406"
                    BASELINE="453 2261 1756 2235" 
                    HPOS="450"
                    VPOS="2149"
                    WIDTH="1306"
                    HEIGHT="133">
            <Shape><Polygon POINTS="453 2261 453 2282 1756 2256 1756 2235 1748 2149 450 2178 453 2261"/></Shape>
	    <String CONTENT="sainct Esprit/ pour parfaire en ce no¬"
                    HPOS="450"
                    VPOS="2149"
                    WIDTH="1306"
                    HEIGHT="133"></String>
          </TextLine>

          
          
          <TextLine ID="eSc_line_6da00792"
                    TAGREFS="LT406"
                    BASELINE="450 2355 1756 2329" 
                    HPOS="448"
                    VPOS="2238"
                    WIDTH="1308"
                    HEIGHT="127">
            <Shape><Polygon POINTS="1516 2240 1514 2240 1511 2243 1482 2264 1269 2264 1248 2251 1240 2245 1230 2248 1203 2248 1201 2248 1175 2253 1154 2258 1141 2256 1117 2248 1099 2251 1089 2251 1076 2256 1052 2266 1024 2258 1005 2253 1003 2253 1000 2253 998 2253 985 2258 964 2271 917 2261 872 2253 865 2253 849 2253 839 2264 828 2274 813 2264 794 2256 786 2256 773 2256 760 2266 753 2271 745 2266 727 2258 724 2258 721 2258 719 2258 716 2258 716 2261 706 2269 698 2277 682 2269 659 2258 656 2258 635 2258 578 2271 568 2274 565 2271 552 2261 526 2261 500 2261 482 2261 448 2271 450 2355 450 2365 1753 2339 1756 2329 1745 2238 1680 2258 1581 2258 1542 2243 1534 2240 1516 2240"/></Shape>
	    <String CONTENT="ble estat sa saincte uolunte. Amen."
                    HPOS="448"
                    VPOS="2238"
                    WIDTH="1308"
                    HEIGHT="127"></String>
          </TextLine>

          
          
          <TextLine ID="eSc_line_6f5439d6"
                    TAGREFS="LT406"
                    BASELINE="547 2446 1764 2420" 
                    HPOS="544"
                    VPOS="2339"
                    WIDTH="1220"
                    HEIGHT="133">
            <Shape><Polygon POINTS="547 2446 547 2456 651 2472 654 2472 656 2472 659 2472 659 2469 661 2469 672 2456 867 2467 870 2467 945 2451 948 2451 956 2451 1146 2461 1149 2461 1151 2461 1180 2446 1183 2446 1224 2446 1516 2454 1519 2454 1521 2454 1550 2441 1555 2438 1560 2441 1592 2451 1594 2451 1597 2451 1764 2435 1764 2420 1756 2339 544 2355 547 2446"/></Shape>
	    <String CONTENT="Escoutez Leuãgile cõe nr̃e Seigñr"
                    HPOS="544"
                    VPOS="2339"
                    WIDTH="1220"
                    HEIGHT="133"></String>
          </TextLine>

          
          
          <TextLine ID="eSc_line_cf9c15f6"
                    TAGREFS="LT406"
                    BASELINE="458 2537 1764 2514" 
                    HPOS="456"
                    VPOS="2425"
                    WIDTH="1308"
                    HEIGHT="135">
            <Shape><Polygon POINTS="1613 2425 1576 2433 1521 2443 1464 2435 1430 2430 1428 2430 1425 2430 1422 2430 1415 2435 1401 2446 1362 2438 1323 2430 1321 2430 1318 2430 1287 2441 1256 2451 886 2456 839 2451 768 2443 742 2443 721 2443 622 2456 588 2461 562 2459 476 2446 474 2446 471 2446 469 2446 456 2454 458 2537 458 2547 599 2560 601 2560 604 2560 630 2547 721 2558 724 2558 727 2558 729 2558 750 2545 753 2545 880 2555 883 2555 1764 2527 1764 2514 1753 2428 1719 2441 1652 2430 1615 2425 1613 2425"/></Shape>
	    <String CONTENT="ueult q̃ le sainct mariage soit garde/ ⁊"
                    HPOS="456"
                    VPOS="2425"
                    WIDTH="1308"
                    HEIGHT="135"></String>
          </TextLine>

          
          
          <TextLine ID="eSc_line_a5c8c6e8"
                    TAGREFS="LT406"
                    BASELINE="456 2631 1769 2610" 
                    HPOS="453"
                    VPOS="2516"
                    WIDTH="1316"
                    HEIGHT="130">
            <Shape><Polygon POINTS="1738 2516 1735 2516 1732 2516 1730 2516 1688 2532 1657 2516 1654 2516 1652 2516 1487 2532 1459 2521 1443 2521 1438 2521 1409 2540 1375 2524 1373 2524 1370 2524 1232 2540 1159 2524 1157 2527 1136 2527 1120 2537 1044 2527 1031 2527 995 2547 828 2547 792 2532 792 2532 768 2532 700 2550 698 2550 641 2534 638 2534 635 2534 549 2553 547 2553 523 2537 505 2537 500 2537 453 2550 456 2631 456 2646 1766 2623 1769 2610 1756 2527 1740 2516 1738 2516"/></Shape>
	    <String CONTENT="cõe il est ferme ⁊ ĩdissoluble/ selõ qͥl est"
                    HPOS="453"
                    VPOS="2516"
                    WIDTH="1316"
                    HEIGHT="130"></String>
          </TextLine>

          
          
          <TextLine ID="eSc_line_547d416f"
                    TAGREFS="LT406"
                    BASELINE="461 2730 1761 2701" 
                    HPOS="458"
                    VPOS="2615"
                    WIDTH="1303"
                    HEIGHT="141">
            <Shape><Polygon POINTS="461 2730 461 2748 542 2756 544 2756 547 2756 586 2745 609 2740 615 2745 622 2753 625 2753 628 2753 630 2753 693 2743 727 2737 753 2740 807 2750 810 2750 899 2737 940 2732 998 2735 1128 2743 1130 2743 1133 2743 1157 2730 1159 2730 1172 2730 1248 2740 1250 2740 1253 2740 1292 2727 1295 2727 1297 2727 1336 2737 1339 2737 1342 2737 1344 2737 1347 2737 1360 2724 1362 2724 1370 2724 1435 2735 1438 2735 1441 2735 1443 2735 1443 2732 1454 2722 1456 2722 1482 2735 1485 2735 1487 2735 1490 2735 1547 2722 1631 2732 1633 2732 1636 2732 1639 2732 1639 2730 1641 2730 1649 2719 1709 2730 1712 2730 1714 2730 1761 2714 1761 2701 1759 2631 1740 2615 1738 2615 1735 2615 1732 2615 1730 2615 1670 2631 1633 2618 1631 2618 1628 2618 1284 2641 1183 2625 1180 2625 1177 2625 1175 2625 1175 2628 1157 2644 1050 2628 1047 2628 1044 2628 1042 2628 1018 2646 987 2633 985 2633 982 2633 979 2633 977 2633 977 2636 964 2649 867 2649 815 2633 813 2633 810 2633 807 2633 771 2646 680 2638 677 2638 674 2638 672 2638 656 2654 615 2638 612 2638 609 2638 607 2638 562 2657 515 2641 513 2641 510 2641 508 2641 458 2659 461 2730"/></Shape>
	    <String CONTENT="escript en sainct Mattg.au.xix. chap̃."
                    HPOS="458"
                    VPOS="2615"
                    WIDTH="1303"
                    HEIGHT="141"></String>
          </TextLine>

          
          
          <TextLine ID="eSc_line_f0cbb388"
                    TAGREFS="LT406"
                    BASELINE="562 2826 1769 2792" 
                    HPOS="557"
                    VPOS="2703"
                    WIDTH="1212"
                    HEIGHT="159">
            <Shape><Polygon POINTS="1665 2703 1646 2717 1644 2719 1631 2717 1566 2706 1547 2706 1537 2706 1514 2719 1506 2724 1391 2727 1375 2722 1365 2717 1362 2717 1360 2717 1261 2722 1125 2732 1104 2724 1078 2717 1076 2717 1073 2717 1044 2717 1026 2719 1000 2719 974 2719 953 2719 945 2719 922 2722 896 2722 870 2722 844 2722 833 2722 773 2730 674 2745 557 2735 562 2826 570 2857 583 2839 708 2839 727 2852 740 2862 742 2862 745 2862 747 2862 750 2862 797 2849 849 2834 888 2844 927 2857 930 2857 932 2857 935 2857 966 2841 969 2841 992 2854 995 2854 998 2854 1000 2854 1003 2854 1003 2852 1016 2841 1021 2836 1031 2839 1068 2852 1071 2852 1073 2852 1076 2852 1078 2852 1078 2849 1094 2839 1102 2828 1117 2836 1144 2849 1146 2849 1149 2852 1211 2852 1211 2849 1214 2849 1248 2831 1250 2831 1253 2831 1300 2847 1302 2847 1305 2847 1422 2841 1425 2841 1482 2823 1506 2815 1521 2821 1547 2831 1550 2831 1553 2831 1555 2831 1597 2818 1615 2813 1623 2818 1649 2831 1652 2831 1654 2831 1657 2831 1688 2815 1693 2813 1696 2815 1735 2834 1738 2834 1740 2834 1743 2834 1745 2834 1769 2813 1769 2792 1756 2717 1693 2717 1678 2703 1665 2703"/></Shape>
	    <String CONTENT="Les pharisiẽs sapprocherẽt de luy"
                    HPOS="557"
                    VPOS="2703"
                    WIDTH="1212"
                    HEIGHT="159"></String>
          </TextLine>

          
        </TextBlock>
        
        <TextBlock HPOS="1531"
                   VPOS="2822"
                   WIDTH="262"
                   HEIGHT="102"
                   ID="eSc_textblock_f42fe0ba"
                   TAGREFS="BT1102">
          <Shape><Polygon POINTS="1531 2822 1531 2924 1793 2924 1793 2822"/></Shape>
          
          
          <TextLine ID="eSc_line_418a1f80"
                    TAGREFS="LT406"
                    BASELINE="1540 2896 1772 2896" 
                    HPOS="1540"
                    VPOS="2808"
                    WIDTH="232"
                    HEIGHT="151">
            <Shape><Polygon POINTS="1540 2891 1540 2896 1540 2940 1576 2959 1579 2959 1581 2959 1636 2948 1673 2943 1769 2959 1772 2896 1766 2808 1730 2821 1696 2818 1641 2810 1639 2810 1636 2810 1555 2834 1540 2891"/></Shape>
	    <String CONTENT="le ten¬"
                    HPOS="1540"
                    VPOS="2808"
                    WIDTH="232"
                    HEIGHT="151"></String>
          </TextLine>

          
        </TextBlock>
        
        <TextBlock HPOS="167"
                   VPOS="2077"
                   WIDTH="271"
                   HEIGHT="105"
                   ID="eSc_textblock_7741a356"
                   TAGREFS="BT1100">
          <Shape><Polygon POINTS="167 2077 167 2182 438 2182 438 2077"/></Shape>
          
          
          <TextLine ID="eSc_line_6c72b3a4"
                    TAGREFS="LT406"
                    BASELINE="174 2157 439 2155" 
                    HPOS="171"
                    VPOS="2058"
                    WIDTH="266"
                    HEIGHT="161">
            <Shape><Polygon POINTS="171 2154 171 2219 247 2219 247 2217 250 2217 252 2217 281 2199 435 2217 437 2154 437 2061 171 2058 171 2154"/></Shape>
	    <String CONTENT="Io.2.a.b."
                    HPOS="171"
                    VPOS="2058"
                    WIDTH="266"
                    HEIGHT="161"></String>
          </TextLine>

          
        </TextBlock>
        

        
      </PrintSpace>
    </Page>
  </Layout>
</alto>
