1931 3123
810 260 618 112 De la uisitation

432 353 1324 149 corps plain de torment: affin que lasse

432 452 1324 136 destre en ung lieu soit tourne en lau¬

429 543 1330 138 tre? tout nest il pas attache ⁊ de gros

432 635 1327 137 cloux cloue cruellemẽt? Quel appre¬

440 723 1324 151 stement faict on a ce tresbõ ⁊ tresgrãd

443 819 1323 143 Sauueur pour manger ou pour boy¬

445 913 1334 141 re/ la ou du gros torment il est tãt tra

445 1007 1337 143 uaille/ ⁊ des douleurs la bouche toute

453 1093 1319 161 seiche ⁊ il meurt de soif: Il nya que du

458 1197 1324 140 fiel/ du uin aigre/ ⁊ de la myrthe .

461 1290 1331 141 Quelle consolation/ quel confort a ce

463 1384 1324 146 bon Sauueur? Rien que toute peine/

474 1470 1321 146 douleur/ gros torment ⁊ angoisse. A

479 1566 1316 141 quoy doibt regarder le malade qͥ nest

482 1665 1323 141 ainsi traicte/ ne si amerement comme

487 1754 1311 145 ce bon Sauueur a este pour nous/ de¬

492 1845 1311 151 quoy il en doibt rẽdre graces a Dieu/

495 1936 1316 151 de ce qͥl luy a pleu de liurer ce bõ Sau

500 2040 1308 135 ueur a la mort pour nous/ luy demã¬

500 2139 1321 132 dant miscricorde/ ⁊ grace au Nom de

525 2217 1306 153 ce bon Iesus: ⁊ auoir parfaicte confiã

510 2313 1321 143 ce ⁊ asseurance/ que nostre Pere de sa

510 2409 1314 141 bõte luy pardõne: car il est tout plain

535 2501 1304 143 de toute benignite/ tardif a ire/ prõpt

535 2599 1307 146 ⁊ misericorde/ soy recommandant et

518 2688 1321 153 commettant du tout en la main du

1438 2782 380 124 Seigneur

218 2258 272 110 Io.15.a.

224 2546 288 98 exo.24.a

234 2623 278 117 Psal.30.
