1931 3123
489 179 511 117 des malades.

143 291 1292 125 nostre Seigñr: ⁊ de tout ce quil pour¬

143 387 1217 123 ra/ aydant au pouure corps afflige.

247 471 1183 143 ¶ Apres le deces/ par sainctes ex¬

135 567 1298 125 hortations fault dõner courage aux

135 663 1300 130 suruiuans de louer Dieu/ ⁊ soy con¬

140 759 1301 112 former a sa saincte uolunte: ⁊ au lieu

138 848 1305 127 que parauant on faisoit despandre a

127 944 1314 123 la pouure uefue desolee/ qͥ auoit per¬

122 1035 1319 115 du son mary/ tout plain dargent pour

127 1124 1314 127 chanter/ ⁊ manger ce pendant quelle

138 1225 1300 123 plouroit et ieusnoit/ ⁊ aussi aux orphe

138 1316 1303 123 lins: affin quon nadiouste point dom

135 1407 1303 123 maige sur dõmaige/ ayãt pitie deulx

135 1504 1303 125 leur fault ayder de conseil ⁊ de biens/

151 1592 1295 120 ainsi que nostre Seigneur en donne le

158 1686 1290 125 pouuoir. Tachant que les enfans so¬

166 1782 1280 120 yent bien instruictz en la doctrine de

169 1873 1279 128 Dieu/ affin quilz uiuent chrestienne¬

158 1964 1290 128 ment suyuans les commandemẽs de

177 2055 1271 128 Dieu/ trauallans pour leur uie com

177 2154 763 117 me Dieu la ordonne.

239 2232 1225 128 ¶ Le Pere de toute misericorde amei

177 2342 1292 125 ne tous a la parfaicte cõgnoissance de

185 2435 1282 123 uerite/ donãt a toꝰ ung mesme cueur

200 2516 1280 143 ⁊ Esprit/ faisant q̃ ung chascũ serue a

179 2618 1303 200 luy seul en Esprit ⁊ uerite/ laymant

1417 455 292 140 1.Thes.

1431 559 179 104 4.c.d.

985 2732 479 130 4 sur
