1931 3123
768 249 550 128 Du baptesme.

588 361 1223 128 Nostre ayde soit au nom de Diru

508 460 925 130 qui a faict le ciel ⁊ la terre.

1008 562 268 122 Amen.

917 759 453 92 ¶ Puis dit.

588 835 1223 122 Presentez uoꝰ c est enfant a Dieu-

495 934 1310 120 et a sa saincte Eglise et cõgregation-

502 1027 1045 123 demandans qu il soit baptise;

703 1121 564 120 ¶Respondent.

1352 1124 245 125 Ouy.

875 1220 529 109 ¶Le ministre.

599 1301 1225 122 Le sainct Esorit par la bouche de

514 1397 1310 128 sainct Paul nous ad monncste ⁊ comt

502 1499 1324 109 mande de prier pour toꝰ, car ccla plait

505 1592 1321 117 a Dieu, qui ueult que tous soyẽt sau

508 1681 1313 109 uez, ⁊ que tous uiennẽt a la congnois

508 1774 1300 120 sance de uerite a quoy il a donne son

517 1876 1307 112 s ilz en redemption de noz ames, par-

517 1959 1301 128 quoy sommes toꝰ tenus de prier sung

510 2055 1316 112 pour sautre. Nous prierõs donc pour

508 2149 1318 112 cest enfant que dieu luy doint uraye

508 2240 1318 120 ⁊ uiue foy; ⁊ que le baptesme uisible

510 2337 1319 122 ⁊ exterieur luy soit uray signe du ba-

513 2428 1326 127 ptesme inuisible ⁊ interieur, lequel de

510 2519 1319 119 sa grace luy plaise dõner par sõ sainct

523 2612 1298 131 Esprit Nous dirõs dõc de cueur hũ-

536 2714 318 117 blement.

211 1405 285 106 i. fif̃.⁊. qi

226 1879 282 111 oan.. b

221 1962 288 105 Ro .i. b.

226 2042 104 125 i.s.

1573 2805 266 133 Rostrs
