1931 3123
919 260 545 106 Du baptesme.

497 351 1319 151 ge de tout bien de recongnoistre toute

497 450 1321 145 sa iustice estre en Iesu christ, toute sa

500 541 1308 151 puissance en la sanctiffication de son

527 637 1297 154 Esprit, adorer ung seul Dieu ⁊ seruit

529 733 1289 146 a luy seul, l aymer de tout son cueur-

518 819 1306 154 sens, puissance, ⁊ entendement, ⁊ son

536 923 1301 120 prochain comme soymesme, ⁊ comme

541 1009 1290 154 uray Chrestien qu il renonce soymes-

529 1103 1308 143 me, abandonnant tout pour suyure

536 1194 1306 154 Iesus, portant sa croix; cest adire, les

531 1288 1319 148 tribulations ⁊ afflictions que nostre

567 1381 1285 146 Scigneur luy enuoyera, tellemẽt que

568 1473 1290 145 toute sa uie soit a l honneur de Dieu

549 1574 1311 133 ⁊ edification de tous . Et pourtãt les

552 1662 1308 133 cxhorterez ⁊ admonnesterez, le corri-

562 1751 1298 146 geãt ou il faillira ainsi que ung cha-

560 1850 1300 153 scun est tenu a son frere Chrestien, en

565 1938 1311 144 sorte qu il soit nourry ⁊ enseigne en la

565 2040 1311 138 crainte de Dieu, ⁊ sa saincte doctrine.

565 2139 998 127 Et ainsi uous le promettez.

768 2235 544 125 ¶R espondent,

1431 2225 244 114 Ouy.

974 2324 573 132 ¶ Le ministre

664 2404 1214 151 Demandez uous dont que c est qn-

583 2516 613 138 fant soit baptise-

773 2615 565 128 ¶ Respondent,

1459 2589 234 135 Ouy.

982 2690 526 149 C Le ministre.

239 671 270 133 mat. ⁊.s

244 770 284 108 mat.r. d

257 1080 269 93 mat. io. d

260 1231 265 124 Matt.

268 1340 177 109 Fg.

265 1413 276 119 i co. io. g

263 1496 279 107 rosn. i⁊. d

284 1808 277 112 mat.i b

284 1902 276 112 Et hes.. c

1547 2779 350 117 Rommez
