1931 3123
534 270 719 117 de nostre Seigneur.

164 385 1292 127 affin qu il soit tout nostre auec toutes

164 476 1295 135 ses bene dictions ⁊ richesses spirituel-

151 572 1305 125 les habitant en nous pour nous faire

156 663 1303 128 uiure en soy par son Esprit par le lyẽ

156 754 1305 136 duq̃l il nous cõioinct tous ensemble.

161 845 1300 138 Et qui biẽ regarderoit les choses bail

151 947 1305 120 lees aux peres attẽdans la uenue de

148 1033 1306 119 Iesu christ, on trouueroit grosse cõue

140 1132 1316 130 nance. Car la circõcision ne signifioit

151 1217 1297 136 elle point, lalliãce q̃ nostre Seigneur

158 1319 1290 133 auoit faict auec son peuple; et comme

156 1405 1292 133 ung chascun estant circõcis estoit du

140 1501 1308 133 nombre du peuple de Dieu. Et ainsi

143 1597 1305 123 estoit receue la circoncision comme la

145 1689 1301 135 premiere entree en l Eglise de Dieu.

145 1780 1298 130 Aussi les autres obseruations ⁊ cere-

143 1886 1305 128 monies qui la suyuoyent lesq̃lles sont

138 1977 1310 128 euacuees en Iesuchrist, comme elles

148 2066 1293 133 estoient umbres ⁊ figures des choses

156 2162 1292 120 aduenir en luy qui tout a consumme-

153 2256 1295 117 parfaictes ⁊ accõplies estoient ordon

135 2347 1313 130 nees pour representer.races ⁊ be-

143 2443 1305 130 nefices que nostre Seigneur ueult cõ

153 2534 1295 130 municquer a son peuple depuis qu il

153 2625 1308 136 la une fois receu en son aliance ⁊ pa-

148 2719 1311 141 reillemẽt poͬ inciter les cueurs fideles

1454 1249 268 140 geñ..b.

1454 2003 273 110 Meb. io. a

1454 2170 263 114 oã.io.f

1456 2266 230 115 Deute.

1448 2357 159 91 Ro. c.

846 2836 621 120 D a recon
