1931 3123
482 218 711 128 de nostre Seigneur.

138 338 1300 127 a dit apres quil eust faict sa cene/ par-

135 437 1308 119 lant a ses apostres/ au .13.14.15.16. et

125 533 1316 117 ce qui est dit au .17. il aura de ce qui a

122 627 1313 119 este dit plus pleine iutelligẽce/ comme

125 723 1305 112 celuy qͥ uient a la table de nostre Sei-

132 817 1301 112 gneur doibt auoir ferme foy en nostre

130 910 1303 115 Seigneur Dieu: ⁊ en nostre sauueur

122 996 1303 120 Iesus: ⁊ q̃lle charite uers le prochain/

125 1093 1310 111 se separãt des infideles ⁊ de leurs ui-

130 1184 1300 119 ces: ⁊ commẽt ⁊ pourquoy il doibt rõ-

135 1285 1293 117 pre le pain de nostre eigñr. Le tẽps/

122 1374 1311 117 le nõbre ou quantesfois nous debuõs

122 1473 1311 111 faire la Cene ⁊ prendre le pain/ ne noꝰ

119 1553 1314 125 est point escript/ car cela est frãc a Le-

125 1657 1305 104 glise de nostre Seigneur: cõme le tẽps

125 1738 1305 133 de baptiser aussi: combien quil est cer-

125 1837 1305 117 tain quelle a este ordonnee de nostre

122 1936 1311 119 Seigneur pour estre souuent celcbree

132 2045 1290 91 entre nous/ mais singulierement et a

132 2123 1298 120 monstrez cõme lon y doibt uenir/ ain-

135 2217 1295 122 si que les exhortations qui sensuyuẽt

117 2313 1313 117 nous monstrent. Pourtant le pasteur

114 2404 1321 123 de la saincte congregation qui presche

127 2501 1311 104 ⁊ porte la parolle ne declinant point

122 2589 1313 122 de linstitution du Seigneur aura re-

122 2683 1313 145 gard a ledification du Peuple et de

826 2792 591 125 B 5 tous/
