1931 3123
802 229 433 127 De la Cene

445 343 1316 138 tous, uoire tãt qu il pourra des igno-

445 437 1308 135 rans et infideles, faisant tout en bon

458 530 1303 128 ordre; ⁊ par le consentement de la cõ-

458 629 1311 133 gregatiõ regardera le tẽps plus apte

458 713 1306 132 conuenable, soy conformant aussi

453 804 1316 140 aux autres Eglises, sans superstitiõ

461 895 1305 151 pour garder la paix ⁊ uniõ auec toꝰ-

458 994 1314 132 ⁊ pour attirer les ignorans, qui enco-

458 1077 1311 146 res nont congnoissance de ucrite, tãt

463 1176 1311 146 qu il est possible, sans uenir contre sa

463 1275 1324 122 doctrine de uerite. Il denõcera le iour

469 1363 1326 133 quon doibt fcare la saincte Cene par

466 1457 1324 130 auant, admonnestant ung chascũ de

476 1551 1314 145 prier nostre Seigneur; ⁊ demander sa

479 1644 1319 143 grace, pour sainctement ⁊ dignement

484 1738 1295 141 y uenir; ⁊ leiour qu õ faict la Cene ey-

482 1832 1227 151 hortera le peuple, ainsi qu il sensuit.

612 2024 1089 138 ¶ La cene de nostre Seigneur.

497 2212 1306 135 Rostre Dieu ⁊ Pere tresmiscricor-

508 2308 1305 135 dicux pensant les pensees non point

515 2396 1298 138 daffliction, c est a dire, de punition; et

515 2493 1301 138 rigueur mais de paix, de grace, et re-

515 2584 1293 135 mission pour lamour de soymesmes,

515 2675 1301 164 non point pour noz biensfaictz ne iu-

161 543 279 125 ⁊ cor.ia. g

229 2425 281 109 Hier. ro. c

229 2696 281 130 esa.R. d.

1589 2769 222 151 stices-
