1931 3123
357 218 766 109 De nostre Seigneur.

80 343 1288 120 stices, uoulãt effacer noz pechez, noꝰ

67 439 1301 107 estre propice ⁊ accomplir ses sainctes

62 523 1303 114 promesses de nous donner leaue net-

59 619 1306 117 te ⁊ son sainct Esprit, pour nous net-

62 713 1303 114 toyer de toutes noz ordures et souil-

62 806 1306 107 leures, et nous donner ung nouucau

65 900 1295 117 cueur, en escripuant sa saincte loy en

52 994 1316 119 noz cueurs, quãt la plenitude du tẽps

52 1082 1316 125 est uenue, il a enuoye son filz tres-

59 1171 1309 132 chier monstrant sa tres grande chari-

62 1272 1287 109 te ⁊ dilection qu il a eu enucrs nous,

57 1361 1311 119 nespargnãt point son seul ⁊ tresayme

62 1454 1303 115 Filz nosire Seigãr Iesuchrist; mais

62 1551 1300 111 pour nous le donnant, ainsi que ce bõ

57 1639 1298 122 Sauueur. selon le bõ uouloir de son

57 1738 1308 122 Pere pour noꝰ recõcilier a iceluy Is est

57 1832 1300 122 une foys offert a son Pcre poͬ nostre

52 1928 1305 117 redemption, mourant pour nous as-

59 2016 1298 128 sembser tous qui estiõs espars. Affin

70 2113 1282 112 que tous fuffions ung corps et unc

67 2204 1288 122 mesme chose, ainsi que le Pere et luy

59 2300 1298 115 sont une mesme chose. En quoy, plus

59 2396 1298 110 que lon ne pourroit dire, nostre Pere

65 2490 1292 117 a demonstre les grandz thresors de sa

62 2584 1295 114 bõte ⁊ misericorde, uoulant que poui

59 2677 1298 151 nous qui estions mortz par peche, e

1375 413 271 136 Eie. Ioe

1378 973 279 122 Gal ⁊ a

1375 1080 271 98 Ro..G.

1375 1160 271 133 Rom.d. l

1381 1813 263 136 el. ⁊ d.

1373 1931 242 88 O. gio.c.

1388 2009 258 101 oã.ii. g'.

1388 2084 248 122 oã.io. s.

1388 2175 123 125 ..D.

1391 2592 229 101 Ro. b

1388 2683 271 140 i. Pctnc

1248 2782 109 135 ses
