1931 3123
904 268 432 111 De la Cene

495 366 1282 162 ticipãs de son corps, et son sang, sen-

492 465 1306 141 tant en noꝰ la uertu ⁊ efficace de tout

502 554 1296 148 ce qͥl a faict ⁊ souffert. Aultremẽt tous

502 650 1298 154 ceulx qui nõt uraye confiance de tou-

502 739 1303 145 tes ces choses, ne presument point de

502 832 1303 143 uenir a la Saincte table, faisãt sem-

502 929 1306 140 blant et faulsement tesmoingnans

500 1020 1298 161 estre du corps de Iesuchrist, duqͥl llz

515 1111 1285 151 ne sont pas; comme tous idolatres,-

500 1199 1311 151 adorans et seruans aultre que le seul

515 1298 1285 156 Dieu, tous pariureurs, gens oysifz qͥ

492 1397 1321 141 ne seruent ⁊ ne proffitent a rien, com-

502 1488 1311 148 biẽ qu ilz le puissent faire, tous ceulx

502 1584 1309 154 qui sont desobeissans a Pere et mere-

521 1668 1290 151 Et a ceulx q̃ Dieu a cõstitue sur noug

508 1764 1313 151 en bien, sans contreuenir au comman

508 1865 1310 138 dement de Dieu. Loꝰ batteurs, noy-

515 1954 1303 148 seux qui iniustement uattent ⁊ frap-

513 2048 1311 156 pent leur prochain, ⁊ les ont en hay-

513 2141 1313 146 ne. Lous paillardz, yurongnes ui-

515 2232 1316 146 uans dissoluement en boyre ⁊ mẽger.

518 2326 1316 146 Tous larrõs qui fon tort ⁊ mniure au

515 2417 1322 159 prochain, tous faulx tesmoingz ⁊ im-

521 2514 1310 153 poseurs de crimes, ⁊ tous ceulx qͥ ui-

521 2605 1316 151 uent meschãment ⁊ cõtres les sainctz

534 2698 1313 162 commãdemens de Dieu, qui ne ueu-

205 569 282 211 i co cc

216 1191 273 105 icor. i.c

216 1288 154 101 o. b.

221 1350 279 125 t bessa.

229 1449 128 115 R.s.

211 1728 294 132 ai uiõm..

1678 2795 169 122 sent
