1931 3123
862 239 440 114 De la Cene

445 343 1311 148 maieste de nostre Dieu en pleine con-

445 419 1319 166 fiãce ⁊ uraye foy par nostre Sauueur

448 512 1324 159 ⁊ redempteur Iesus, luy demandant

450 614 1316 158 grace, confessant deuãt luy, que tres-

453 707 1316 162 griefuement ⁊ grandement l auõs of-

456 796 1310 159 fense, contreuenant a sa Saincte loy-

461 903 1321 148 ne ladorant purement en Esprit ⁊ ue

466 986 1313 143 rite, ne seruant a luy seul, ne l aymant

471 1085 1301 145 sur tout, en hõnorãt son Sainct nom

474 1176 1308 164 sans le prẽdre en uain, ne uiuãt sain-

474 1262 1324 151 ctement a son honneur ⁊ a laide ⁊ se-

476 1358 1324 156 cours de nostre prochain, ne faisant le

495 1446 1305 159 uray ⁊ Saĩct repos de mal dire, mal

495 1548 1316 164 faire ⁊ penser, ne honnorãt ceulx qui

497 1644 1311 162 sur nous ont puissance, ne euitãt tou-

500 1738 1305 159 te hayne, paillar dise, l arrecin, mẽson-

508 1829 1303 151 ge; ⁊ toute chose qui contreuient a la-

510 1931 1280 145 mour de Dicu ⁊ de nostre prochain

513 2016 1308 164 faisant a aultruy ce que ne uuldriõs

518 2105 1308 164 estre faict a noꝰ mesmes, en quoy trãs

523 2199 1301 156 gressant la Saincte loy de nostre bon

521 2292 1310 162 Pere, auons tous grandement peche;

529 2383 1316 162 s⁊ deseruylire ⁊ indignation de nostre

534 2485 1311 156 Oieu plus que ne pouons exprimer

529 2571 1313 156 ne dire, par si grãde ingratitude, fai-

536 2664 1311 183 Fnt contre sa Saincte uolũte. Pour-

1670 2761 185 135 tant
