1931 3123
414 229 735 114 de nostre Seigneur.

164 335 1118 107 le prẽnent ⁊ mangeussent. Le miniftre

171 424 743 112 peult dire en le rompant.

190 538 1183 138 Lesus le uray Sauueur du mõde-

70 642 1295 125 qui est mort pour nous, estãt assis en

78 736 1284 125 gloire a la dextre du Pere, habite en

80 827 1295 125 uoz cueͬs par son saĩct Esprit, par la

67 931 1306 110 uertu dicelluy, ce dõnant ⁊ commu-

62 1014 1313 125 niequãt a uous, faisant que du tout

70 1106 1300 135 soyez uiuans en luy, par uifue foy ⁊

80 1199 988 136 parfaicte charite. Amen.

78 1379 1240 127 ¶ A pres que tous ont cõmunicque.

482 1569 896 125 Reschiers freres ⁊ seurs en

471 1668 907 117 en nostre seigneur Iesus

461 1759 927 117 qui estes uenuz a la sain-

461 1852 917 105 cte table de nostre Seigñr-

479 1946 909 115 suy rendans graces de ses

80 2035 1311 127 tresgrãdz biens qu il nous a faict, noꝰ

91 2131 1303 122 prierons le Pere plein de toute misert

91 2222 1300 125 corde, qu il luy plaise imprimer ferme

83 2331 1311 99 ment en noz cueurs la memoire de ce

88 2409 1303 123 sainct mystere, auquel nous auõs cõ-

88 2506 1303 106 municq̃. ⁊ des singulieres graces. qui

85 2594 1306 130 nous y sont testifiees ⁊ rep̃sentees af-

85 2693 1306 141 fin que en les recongnoissans nous

104 1894 333 143 O

1412 2391 266 149 u tim.⁊ a

771 2795 617 122 C accrois-

1409 2589 266 104 ros̃. i.a

1407 2675 266 148 Pet. i c
