1931 3123
182 335 266 104 i. coru. q

179 419 269 106 Epb..e

179 515 269 91 colos...

182 585 266 109 e.⁊. a.

182 668 266 107 Geñ.⁊.d

185 746 263 107 Eph.R e

185 835 263 107 colos.⁊.d

182 916 266 111 ⁊. tim.⁊. d

185 1004 263 104 Pe.r. a

187 1090 261 101 i. tim̃.a

820 195 501 143 Du mariage.

476 333 1285 119 qͥ est Chiefz de la femme, ayme, ⁊ en-

474 426 1290 120 tretient icelle honnestement luy gar-

474 523 1292 101 dãt foy ⁊ loyaulte, ⁊ la femme qui est

474 611 1287 122 faicte pour ayde a l hõme, luy est sub-

474 705 1290 125 iecte ⁊ obeissãte en tout bien, ainsilque

474 793 1290 120 Dieu commande l honnorant ⁊ ayãt

474 892 1285 120 soing du mesnage, en se gar dant non

474 996 1295 115 seulement de mal; mais aussi de toute

474 1077 1282 120 espece de mal, tenant uraye fidclite ⁊

466 1181 1303 99 loyaulte, tous deux aussi ꝑerseuerant

476 1264 1293 115 en bien selon la doctrine de Dieu, pre-

479 1358 1293 117 nans peine de uiure hõnestemẽt sans

469 1454 1297 117 faire tort a nully, en enseignãt les en-

474 1553 1298 112 fans que Dieu leur dõne en la crain-

469 1636 1305 120 te et dottrine de nostre Seigñr, pour

474 1735 1292 112 les preparer a uiure cõme il a cõman

453 1821 1311 123 de. Le mariage ne se doibt faire es de-

476 1923 1290 114 grez que Dieu deffend; mais de ceulx

479 2011 1293 110 du Pape ne fault faire cõscience, com

484 2108 1298 119 bien quon ne luy ayt baille de lor ou

484 2209 1295 107 de largent pour auoir dispense car

484 2292 1295 120 sans luy peult on faire ce que Dieu

495 2383 1279 104 na deffendu. L aliãce charitable ⁊ pra

495 2477 1282 120 messe du sainct Mariage, ne se doibt

487 2571 1292 119 faire sans le consentement des parẽs

487 2675 1295 127 des deux parties; car d autant que le

187 1251 269 112 De.⁊. a

190 1337 263 149 Epb.. a

203 1837 226 112 Leuiti.

203 1941 195 88 .is.b.c.

200 2378 279 104 deut.ir. d

205 2459 274 99 Gal.i.b

205 2545 258 106 geñ. r ⁊. f

203 2641 266 104 exo. ⁊r.c

1615 2753 154 130 Filz
