1931 3123
836 231 511 107 Du mariage.

633 330 1133 133 ¶Nostre ayde soit au Rom do

469 426 1297 133 Dieu qͥ a faict le ciel ⁊ la terre. Amen.

565 515 1209 135 Dieu nostre Pere ap̃s auoir cree le

484 603 1277 138 ciel ⁊ la terre, ⁊ tout ce qͥ est en iceulx-

458 705 1327 125 il crea ⁊ forma l homme a son image ⁊

474 804 1308 122 semblance, qui cut la domination et

471 895 1311 130 seigneurie sur les bestes de la terre, les

471 983 1306 141 poissõs de la mer, les oyseaux du ciel-

471 1072 1303 138 disant apres auoir cree lhõme. Il n est

474 1165 1305 133 pas bon que l hõme soit seul faisons

471 1264 1319 115 luy une ayde semblable c lirs. Et no-

476 1353 1314 135 stre Deigneur fist tomber ung gros

482 1446 1303 133 sommeil sur Adam; ⁊ ainsi que Adam

484 1543 1308 127 dormoit, Dieu print une des costes

487 1639 1305 125 diceluy, ⁊ en forma Cue dõnant en-

513 1725 1279 125 tendre que l hõme ⁊ la femme ne sont

492 1829 1303 130 qung corps, une chair, ⁊ ung sang.

495 1910 1300 130 Parquoy l homme laisse Pere ⁊ Me-

497 2003 1306 138 re, ⁊ est adherant a sa femme. Laquel

515 2097 1288 128 le il doibt aymer ainsi que Iesus ay-

502 2188 1309 141 me son Eglise; cestadire, les urais fi-

505 2279 1308 138 deles ⁊ Chrestiens, pour lesquelz il est

518 2370 1293 144 mort, ⁊ de son sang qu il a espãd u les

521 2467 1295 132 a lauez, purgez, ⁊ nettoyez poͬ les rẽ-

521 2558 1300 143 dre a soy sans macule, ride ne souil-

515 2649 1311 159 lure. Et aussi la femme doibt seruir

187 629 276 136 Geñ.i. a

190 754 133 70 T.il.

208 1746 281 117 mar.is. a

213 2118 266 153 Epb. ⁊ e

221 2378 276 138 apos .⁊. S

216 2498 286 104 .. oã.i. c

224 2584 278 127 Eph.I. a

1571 2743 255 132 a obcir
