1931 3123
518 249 521 107 Du mariage.

187 333 1264 143 et obeir a son mary en toute sainctete

187 442 1264 127 et honnestete, car elle est subiecte et en

179 536 1272 122 la puissance du mary tant qu elle uit

177 632 1274 112 ciuec luy. Et ce sainct mariage hon-

185 723 1263 115 norable institue de Dieu, est de tel-

195 830 1256 93 e uertu, que par iceluy se mary no

185 908 1266 114 point la puissance de son corps; mais

169 1007 1282 112 la femme, aussi la femme na point la

166 1103 1303 114 puissance de son corps; mais le ma-

174 1197 1282 109 ry. Parquoy conioinctz de Dieu ne

195 1285 1261 115 peuuẽt estre separez fors que par au-

198 1374 1271 109 cun temps du consentement de lung

195 1467 1287 112 et de laultre, pour uacquer a ieusne et

198 1556 1284 106 oraison, gardant bien qu ilz ne soyent

208 1657 1279 107 tentez de sathan par incontinence, Et

208 1743 1269 109 pourtãt doibuẽt retourner ensemble,

205 1839 1277 110 car pour euiter fornication ung chas-

203 1925 1279 120 cun doibt auoir sa femme, ⁊ une chas-

203 2035 1282 104 cune femme son mary, tellement que

211 2115 1271 107 tous ceulx qui ne se peuuent conte-

213 2201 1269 117 nir et qui nont le don de continen-

211 2295 1276 122 C sont obligez par le commande-

208 2396 1266 112 ment de Dieu de se marier ; affir

211 2495 1274 107 que le sainct temple de Dieu; c est adi-

213 2579 1280 119 re, noz corps ne soyent uiolez et cor-

208 2672 1285 136 rompuz. Car puis que noz corps

1480 330 258 125 rolos.⁊ d

1480 439 260 89 timo .⁊.

1472 510 112 111 . d.

1480 598 260 96 De.⁊. a.

1480 684 268 104 Geñ...c.

1480 785 265 92 eb. iz. a

1480 853 258 91 Geñ.⁊ d

1480 955 258 75 .sou⁊. ii.

1480 1168 265 117 mat.id. a

1480 1283 265 93 i.co. r̃. ci.

1511 2365 221 154 corz d

1524 2459 63 127 .

1313 2766 169 135 sont
