1931 3123
505 249 519 110 Du mariage.

177 361 1279 117 de culx soit lie par mariage auec au-

177 458 1094 111 tre, qu il le die par bonnc charite.

307 655 1061 107 ¶Si personne ne contredit, le mini-

310 741 409 115 ftire dira ainsi;

276 916 1172 125 Puis qu il n ya personne qui cõtre-

156 999 1292 130 dise, ⁊ qu il n y a point dempeschemẽt,

156 1098 1298 112 nostre Scigneur Dieu conferme uo-

171 1191 1277 112 stre sainct propos qu il uous a dõne-

185 1285 1279 115 s⁊ uostre cõmencemẽt soit au Rom de

190 1374 1269 114 Dieu qͥ a faict le ciel ⁊ la terre. Amẽ.

341 1486 980 119 ¶Le ministre par lant a l espoux-

343 1579 285 97 dit ainsi.

299 1660 1178 133 Uous R cõfessez icy deuãt Dieu

198 1764 1271 125 ⁊ sa saincte congregation, que uous

195 1863 1274 114 auez prins ⁊ prencz pour uostre fem-

187 1954 1280 107 me ⁊ espousc L icy presente, sa-

195 2045 1290 120 quelle promeitez garder en laymant ⁊

203 2134 1277 111 ẽtretenãt fidelemẽt, ainsi q̃ le debuoir

205 2227 1272 120 dun uray et fidele mary est a sa fẽme-

208 2318 1279 120 uiuãt sainctement auec elle, luy gar-

198 2415 1295 119 dant foy ⁊ loyaulte en toutes choses

205 2508 1272 125 selon la saincte parolle de Dieu ⁊ son

208 2602 578 125 sainct Euengile.

416 2693 464 143 Cuespond.

1005 2703 258 138 Ouy.

1271 2795 211 130 Puis
