1931 3123
906 281 602 114 De la uisit ation

510 379 1321 146 singulierement besoing adnoncer la

510 478 1308 130 tres grãde bõte ⁊ misericorde de Dieu-

518 569 1316 138 monstrãt que de celuy qui est foi, aine

521 671 1310 122 de tout bien, ne peult sortir que uid; ⁊

523 754 1319 136 que luy qui est tout puissant est nostre

526 848 1313 140 Pere tresmisericordieux, plus soin-

544 939 1301 151 gneux de nous, que iamais Pere ne

531 1033 1311 148 Mere ne fut de son ffilz disant. Que

534 1132 1300 132 combien que la Merc oublieroit son

534 1217 1305 149 enfãt, et la Mere nourrice ceuuy quel-

536 1311 1309 141 le allaicte, qu elle a porte en son uen-

542 1405 1300 146 tre, neantmoins nostre Pere ne nous

549 1496 1296 138 oubliera point faisant tout pour no-

560 1592 1279 146 stre prouffit, enuoyant tout pour no

557 1686 1277 146 stre bien, ⁊ que s il estoit meilleur quii

557 1780 1269 145 fut aultrement, deuons croyre fer-

560 1865 1271 133 mement que Dieu l enuoyexoit et le

562 1964 1272 144 feroit. Donc nous debuons soubmet

556 2053 1278 153 tre nr̃e Esprit a suy, et croyre ferme-

568 2154 1274 133 mẽt qͥl nous ayme, ⁊ en nous aymãt

570 2248 1277 120 il nous chastie et ne debuons auou

573 2337 1285 148 esgard̃ a la douleur ⁊ pouurete que

573 2425 1298 135 nous endurons, ne penser que pour,

569 2519 1299 153 ce Dieu nous haysse ou nous reiecte

580 2612 1291 154 mais plus tost penser d estre plus en

582 2703 1291 180 sa grace, regardant non point ceulx

252 970 273 123 esa. ⁊s. d.

281 2130 290 95 ouer. O

281 2217 274 127 eb.r. c.

289 2586 283 102 eb.ir. c

289 2667 281 104 Psalzs.

291 2756 279 122 Lus.s. e

1745 2802 136 120 qui
