1931 3123
646 260 359 117 Preface.

148 351 1300 133 ⁊ que par doulceur ⁊ toute mãsuetu-

148 463 1300 119 de luy ⁊ ses apostres ayent uoulu ti-

138 559 1321 104 rer les pecheurs monstrant que cest le

138 650 1318 107 premier ⁊ principal remede dõt nous

143 744 1318 112 debuons user: ⁊ la ou ilz ne peuuent

145 835 1311 112 executer leur uolunte meurtriere/ sur

132 926 1319 125 les personnes: par mensonges toutes

130 1022 1324 112 patentes tachẽt ⁊ procurent diffamer

138 1121 1310 115 la saincte doctrine de nostre seigneur/

145 1215 1303 114 et ceulx qui la tiennent. Ne crient ilz

156 1311 1295 102 point/ que ces maulditz chiẽs heretic-

148 1397 1308 109 ques qui ueulent tenir ceste nouuelle

140 1486 1319 109 loy/ uiuent comme bestes/ renõceans

145 1579 1314 123 tout/ ne tenãt ne foy ne loy/ abolissãs

143 1686 1316 104 tous les sacremens/ ⁊ quilz ne ueulẽt

148 1767 1319 122 point baptiser/ ⁊ ne tiennent rien de la

145 1873 1314 110 saincte table de nostre seigneur/ quilz

145 1957 1314 114 mesprisẽt la uierge marie/ ⁊ les saĩctz

164 2063 1297 110 ⁊ sainctes/ ⁊ quilz nont point de ma-

158 2147 1303 114 riage? Et qui uouldroit et pourroit

153 2235 1306 122 racõpter tout ce que ces molheureu-

151 2337 1313 119 ses gens disent? ausquelz nostre sei-

153 2433 1327 112 gneur face mercy leur donnant meil-

156 2521 1326 104 leure intelligence/ principallement a

145 2612 1327 128 ceulx qui pechent par ignorãce. Affin

148 2717 1326 132 donc que tous puissent ueoir la ueri-

990 2810 503 136 A 3 te/ ⁊

1472 382 271 107 Act.2.b.◊

1472 473 266 117 2.tim̃.2.d
