1931 3123
127 392 280 110 Act. ⁊.G.

125 476 282 119 Philz. b

781 239 615 112 De la uisitation

416 335 1311 160 doibt esperer salut en Iesu chiist, ⁊ nõ

417 439 1313 156 aultre, ne par aultre chose, et qu il

416 536 1314 151 demãde mercy a Dieu soy recongnois

422 624 1310 167 sant poure pecheur, et coulpable de la

427 746 537 115 mort eternelle.

523 793 1209 172 Sil a peur du iugement de Dieu-

432 905 1311 154 de lire ⁊ fureur diceluy, luy fault an-

432 1001 1308 154 noncer les sainctes promesses que no

442 1090 1296 156 stre eigneur afaict a tous ceulx qui

427 1191 1311 154 uiennent a luy ⁊ l inuocquẽt de cuaeur;

443 1379 1305 148 le Pere nous promet pardon, en luy

443 1467 1313 149 demadant. Et en ce doibt fidelement

434 1283 1314 150 ⁊ comme par nostre  auueur Iesus

448 1558 1316 157 trauailler le uray euãgelisateur, pour

448 1655 1321 151 attirer, et amener le poure malade a

450 1741 1311 153 nostre Deigneur, admonnestant les

453 1850 1319 143 domesticques qui sont au pres du ma

456 1936 1313 146 lade de le cõsoler ⁊ exhorter en nostre

461 2016 1305 157 Seigneur. Et si le ministre a quelque

461 2108 1311 169 chose de quoy il le puisse cõsoler aussi

463 2212 1298 161 corporellement, comme de pain, uin

463 2305 1314 159 confitures, ou aultre chose, il n espar-

466 2391 1311 162 gnera rien, mõstrãt a tous uray exẽ

469 2482 1316 162 ple de charite, uisitant souuẽtesfoys

466 2584 1316 148 le malade pour le consoler et fortifier

469 2670 1323 169 tãt que sera possible par la parolle de

151 1131 275 120 mat.ii. d.

151 1230 211 84 .

148 1309 275 100 ⁊ timo.i.

166 1392 131 91 C D

158 1473 269 93 Ro i.G

166 1561 232 115 So.is.e

1550 2761 240 127 nostre
