1931 3123
909 208 440 125 La manicre

448 309 1305 151 possible sans soy iecter hors de lescri-

448 405 1308 151 pture; ainsi q̃ Dieu dõnc la grace, il

448 497 1303 138 exhorte ⁊ admõeste les auditeͬs selõ q̃

485 595 1266 141 e texte porte de sortir de tout peche-

485 689 1279 138 e tout erreur, superstitiõ ⁊ uanite; ⁊

476 778 1288 145 oy retourner plaincmẽt a dieu, ayãt

476 877 1285 135 plaine ⁊ parfaicte foy ⁊ confiance en

461 965 1308 151 luy mettant tout son cueur en Dieu-

473 1061 1296 145 l aymant sur toutes choses, ⁊ pour l a-

483 1163 1286 135 mour de luy nostre prochain comme

484 1251 1298 141 nous mesmes uiuant honnestement

494 1340 1288 140 sans faire tort a personne, n ẽpeschar

495 1431 1290 146 aucun se scandalisant, tachãs e difier

489 1519 1298 154 ⁊ tirer tous a nr̃e Seigñr, obeyssans

492 1626 1306 141 aux seigneurs ⁊ princes, soyent bons

465 1712 1333 153 ou mauuais, en tout ce qui n est cõtre

495 1798 1310 153 Dieu. leur rendant et payant tout ce

514 1902 1289 151 qui est ordonne, ⁊ qͥl appartient. Ron

516 1990 1297 154 seulement pour la crainte du glaiue

516 2084 1310 151 qu ilz ont de Dieu, ⁊ destre puns et

517 2178 1312 156 trauaillez de eux, mais aussi pour la

515 2266 1319 146 conscience. Car celuy qui resiste a la

518 2357 1311 159 puissance, il resiste a lordonnance de

531 2456 1306 154 Dieu ueu qu il n y a point de puissan

526 2560 1311 143 ce qui ne soit par lordonnance ⁊ dispo

534 2641 1308 185 sition de Dieu, ou en faisant miscu-

164 616 281 102 Cit.r. c.

164 702 282 102 Hie. ⁊i. b.

174 793 287 107 Act.ia .i.

166 864 277 111 Ge.is. c.

171 949 274 94 deur.. b

177 1026 273 103 Foelr-

171 1111 276 109 Psalsi

174 1197 271 106 esars. a

182 1277 263 115 Prouer

182 1377 292 95 . b.cri.c.

187 1449 288 102 Psal i

187 1556 300 101 I. Pe..b.

192 1626 279 102 deu.O. a.

192 1699 165 99 Vo. D

203 1767 297 114 ⁊ orc.

198 1856 296 111 mat. re. d

200 1949 296 106 Ro. i. a.

211 2032 285 115 i. De.⁊. c.

213 2118 283 105 Act ⁊ d

221 2209 276 133 Reo.i. a.

1639 2735 208 132 corde
