1931 3123
948 208 448 106 La maniere

495 314 1316 144 leurs freres et enfans/ sachans que

502 416 1309 138 Dieu est sur tous les princes/ ⁊ quil

495 517 1313 123 iugera tous ainsi quilz auront deser-

500 606 1311 125 uy. Semblablement admonnestant

497 697 1311 117 tous de garder les sainctz cõmande/

497 791 1321 127 mens de Dieu/ priant nostre Seigñr

500 884 1324 128 quil donne la grace de les obseruer/ il

505 975 1311 133 propose la Loy de Dieu ⁊ les sainctz

502 1077 1311 109 Commandemens/ comment ilz sont

502 1163 1319 130 escriptz en Exode au .xx. chap. ⁊ mis

502 1259 1324 122 la sus au baptesme. Et apres il incite

505 1348 1321 127 toꝰ a demander mercy a Dieu en con

513 1441 1311 125 fessant leurs pechez/ cõment il est con

510 1535 1321 125 tenu en la forme de la Cene: ⁊ ainsi di

515 1629 1314 122 sant loraison de nostre Seigñr exhor

513 1725 1316 122 te de demãder grace a nostre Seigñr

513 1816 1318 125 destre ferme en la foy/ laq̃lle tous con

529 1910 964 127 fessent/ disans le Symbole.

628 2006 979 128 Ie croy en Dieu le Pere ⁊c.

615 2097 1227 133 Et ainsi recõmandant toꝰ/ faisant

537 2199 1310 125 prier pour tous ignorans/ que Dieu

526 2284 1316 107 de sa grace les inspire/ ⁊ meine a la cõ

531 2376 1314 132 gnoissance de uerite/ qͥl donne a tous

531 2469 1319 128 qui ont le glaiue/ grace ⁊ pouuoir de

531 2566 1321 109 le sainctement exercer/ quil console

539 2654 1313 148 tous desolez: ⁊ sur tout qͥl ayde ⁊ for-

1683 2748 169 132 tifie

187 359 302 104 eph.6.a.

211 439 282 130 colos.3.d

239 2196 276 117 1.tim̃.2.a
