1931 3123
857 239 346 125 Preface.

445 343 1311 125 te, ⁊ auoir pleine intelligence des cho

448 439 1313 133 ses comment elles passent, ⁊ par ainst

448 533 1313 135 congnoistre ceulx qui mentent si har-

450 627 1314 119 diment, disans ⁊ parlans cõtre ce que

456 720 1303 131 ouuertemẽt on faict ⁊ dit es Eglises-

456 809 1308 140 lesq̃lles Dieu par sa grace a uisite, ⁊

461 905 1313 136 faict uenir a la reformatiõ du sainct

458 994 1316 127 Quãgile, les blasmans et uituperãs

463 1090 1298 133 sãs cause ⁊ a tort cõtre Dieu ⁊ raison.

463 1186 1306 125 Et affin quon se dõne garde quilz ne

461 1280 1318 130 decoiuẽt ⁊ ne dõnent a entendre leurs

461 1368 1316 131 mensonges pour uerite, icy a tous fi-

463 1467 1314 123 deles est presentee la forme ⁊ maniere

469 1556 1308 133 quon tient en baptisant, les exhorta-

466 1649 1311 138 tions ⁊ prieres, qͥ sont faictes au bap-

469 1746 1310 122 tesme, ⁊ a la tressaĩcte Cene ⁊ table de

474 1837 1313 130 nostre Seigneur. Semblablemẽt au

476 1938 1301 133 sainct mariage, tout en langaige cõ-

474 2029 1311 133 mun a ceulx qui sont presens, comme

482 2126 1295 117 porte la saincte doctrine de Dieu, en

489 2219 1283 125 saq̃lle cecy est prins, comme chascun

482 2308 1300 127 fidele peult ueoir ⁊ entendre sans re-

482 2415 1297 125 garder comment ont faict les anciẽs,

489 2503 1298 120 lesqu elz plus tost lon doibt appeller

497 2594 1290 146 nouucaulx, qui ont presume changer

501 2696 1286 143 et muer les sainctes ordonnances de

192 2147 261 101 i. Corin

192 2227 237 104 it.bic.

216 2558 237 91 iere. rz

208 2623 245 101 De.f

213 2711 271 112 i. tim̃. ⁊ q

1550 2805 224 115 Icsus-
