1931 3123
487 364 1298 114 ¶ Registre des principalles matieres

578 465 1121 104 de ce p̃sent traicte; selon le Caier,

771 549 740 127 le fueillet, ⁊ la page.

575 731 1223 120 Brefue exhortatiõ a suyure seule-

482 832 1318 110 ment le commandement ⁊ uouloir de

484 921 1314 127 Dieu, sans auoir esgard a autre cho-

487 1017 412 117 se. A.l. p.r.

575 1106 1204 119 Preface du liure ou est rẽdu raison

484 1204 1311 112 de la ffoy ⁊ crcãce des fideles. Lr.pl..

575 1296 1230 117 Des Sacremẽs ⁊ premieremẽt du

484 1381 1314 120 Baptesme. A. .. pa.⁊: La est recitee

482 1478 1248 122 loraison de Iesus Christ. A.. pa.l.

497 1571 1308 123 Item, les dix cõmandemẽs de Dieu.

487 1662 1313 131 A. Si pag.i⁊. Item les articles de

487 1772 636 104 la foy. B.l. pa.li

583 1845 1217 119 De la saincte Cene ⁊ Table de no-

495 1944 1300 135 stre Seigñr Iesus Christ. Br. paal.

583 2042 884 125 Du Mariage. C ... pa.l.

583 2123 1225 135 De la Uisitation des Malades.

492 2235 388 122 D.l. pa.li

586 2313 1217 133 De lordre ⁊ maniere que lon obser-

497 2415 1100 135 ue es predications. D. .. pa. ⁊.

687 2594 949 138 A ung seul DDieu honneur

1003 2703 320 136 ⁊ gloyre.
