1931 3123
753 200 539 130 Du baptesme.

450 314 1327 128 mariage/ ou toutes ces barbouilleries

463 419 1309 122 de chappes ⁊ autres fassons de faire/

463 510 1314 130 qui ne sont prinses en la saincte escri-

466 608 1313 120 pture sont reiectees/ cõe en la saincte

469 700 1310 122 table de nostre Seigñr/ ce qͥ est repu-

466 791 1313 125 gnant a la parolle a este oste. Tachãt

469 884 1300 125 neantmoins le plus qͥl est possible soy

471 978 1301 117 cõformer a la petitesse des infirmes/

461 1077 1305 127 affin quilz ne soyent offensez en rien.

461 1173 1308 120 Et croy quil ny a personne qui ayme

458 1267 1321 117 ⁊ craigne nostre Seigneur qͥ ne pren-

456 1355 1323 112 ne plaisir de ueoir ⁊ ouyr cecy cõment

458 1446 1316 125 il sert a la gloire de sõ Dieu/ ⁊ a ledi-

463 1538 1311 119 ficatiõ de son Eglise: laq̃lle de sa gra

461 1636 1311 125 ce il repurge de toute la farine Degy

472 1730 1300 128 pte/ ⁊ du leuain des pharisiens/ la re-

458 1832 1306 117 duisant a la purete ⁊ simplicite euan-

461 1915 1308 130 gelicque/ affin que tout soit faict ⁊ dit

471 2009 1290 132 en icelle selõ la pure parolle de Dieu.

664 2126 896 145 ¶ Declaration du sainct

927 2248 375 120 baptesme.

844 2383 933 115 E baptesme duquel on ba-

836 2480 941 127 ptise/ est celuy duquel no-

833 2576 944 112 stre seigneur a uoulu estre

836 2670 956 140 baptise pour accõplir toute

455 2394 368 419 L

1506 2782 253 114 iustice/

174 988 289 123 Ro.14.a

185 1754 260 98 mat.16.a

171 2422 274 136 mat.3.d.
