1065 1670
762 154 36 55 19

310 148 194 63 de la Foy.

43 202 689 59 Comme lon uoit par les signes patens

50 252 680 59 Faictz puis le tẽps q̃ regne Lantechrist

43 297 686 62 Car nous uoyõs (ainsi quil est escript)

43 346 611 54 Que maintenant abonde iniquite,

41 386 656 63 Et que le coeur de plusieurs refroidist

46 436 683 56 Quãd la foy meurt par froide charite.

78 482 651 57 Croire ie ueul q̃ ceux qͥ soustiẽdront

42 526 642 61 Le nom de Christ, seront persecutez:

44 573 635 57 Et qui la uoye de uerite tiendront

41 620 596 58 Seront hayz du monde, ⁊ deiectez

46 669 633 54 Par les tyrans, ilz seront tormentez

43 713 663 57 Cõme on a ueu, encore est lapparẽce/

40 757 661 52 Mais des iustes qui sont martyrizez,

40 800 661 58 A Dieu crierõt de leur sãg la uẽgeãce.

77 852 650 53 Croire ie ueul que tout ce nonobstãt

41 896 683 59 Que ꝑ tormẽs lhõme pourroit souffrir

45 942 681 60 Ilz ne scauroyent blesser lame: pourtãt

46 990 679 57 Ilz peuuent bien le corps faire mourir.

38 1038 674 53 Ne craignõs point toꝰ ceux qͥ fõt occir

37 1077 675 62 Ce paoure corps a leur hõte ⁊ diffame.

39 1128 640 57 Craignons celuy qui peut faire perir

40 1172 685 58 Et mettre au feu dẽfer le corps ⁊ lame.

85 1217 624 59 Croire ie ueul en la ferme promesse

42 1262 686 62 De Iesus Christ qui tant me recõforte

42 1311 678 58 Qui me faict seur que mõ ame a lyesse,

42 1359 689 66 Et que ma croix plus legieremẽt porte

493 1400 236 75 B 2 Car

725 388 121 60 mat.24.

722 512 132 75 Mat.10.

722 569 75 60 ⁊.24.

730 762 113 79 Apoc.6.

725 1070 132 72 Mat.10.
