1065 1670
361 141 164 69 Epistre.

763 159 55 59 3

85 199 678 61 scachant ces choses, ⁊ estant asseure de

75 244 682 64 la certitude de la parolle de Dieu, laq̃l¬

77 293 685 61 le ꝓmet tribulatiõs ⁊ angoisses a ceux

80 341 682 60 qui suyuront Iesus Christ: iay mieulx

77 387 689 60 ayme choysir toutes afflictions que da¬

77 434 688 58 bandõner mon Seigñr, ⁊ redempteur.

77 478 689 61 A ceste cause, me uoyant assailly par

78 526 688 52 les tyrans de la secte aueuglee ⁊ igno¬

77 570 689 60 rante, contre lesq̃lz il est impossible resi¬

82 620 684 57 ster ꝑ auctoritez descripture saincte, sãs

79 664 688 59 mort (car cõment y resisteroit lhomme

83 711 679 57 pecheur ⁊ infirme, alleguant uerite,

85 754 680 60 quand Iesus Christ, qui est luy mesme

82 800 683 53 la uerite, estãt entre les mains de leurs

85 847 689 58 predecesseurs, a este persecute ⁊ mis a

83 894 685 56 mort?) ie me suis mis en deuoir deuãt

86 938 682 57 q̃ mourir, de pourueoir a linfirmite du

85 988 684 53 corps subiect a la terre, ⁊ cercher remede

85 1031 677 57 certain de lame, qui est a Dieu. Et poͬ

87 1077 681 57 ce faire iay cueilly ⁊ esleu (selon la cõ¬

90 1122 681 59 gnoissance que le Seigneur men a dõ¬

88 1169 683 56 nee) deans le iardin de nr̃e foy, aucu¬

86 1216 687 53 nes ⁊ des plus odorãtes fleurs, uiues

88 1258 687 60 herbes, ⁊ racines. Lesquelles par ordõ¬

88 1308 688 55 nance du souuerain medecin, iay mises

87 1351 692 62 deãs le pot neuf de terre de mon enten¬

778 246 108 72 Mat.5.

483 1399 296 56 A 2 dement:
