<?xml version="1.0" encoding="UTF-8"?>
<alto xmlns:xsi="http://www.w3.org/2001/XMLSchema-instance"
      xmlns="http://www.loc.gov/standards/alto/ns-v4#"
      xsi:schemaLocation="http://www.loc.gov/standards/alto/ns-v4# http://www.loc.gov/standards/alto/v4/alto-4-2.xsd">
  <Description>
    <MeasurementUnit>pixel</MeasurementUnit>
    <sourceImageInformation>
      <fileName>CRRJM08.pdf_page_2.png</fileName>
      <fileIdentifier>pdf//CRRJM08.pdf</fileIdentifier>
    </sourceImageInformation>
  </Description>
  <Tags>
    <OtherTag ID="BT7" LABEL="CustomZone" DESCRIPTION="block type CustomZone"/><OtherTag ID="BT8" LABEL="DamageZone" DESCRIPTION="block type DamageZone"/><OtherTag ID="BT9" LABEL="DigitizationArtefactZone" DESCRIPTION="block type DigitizationArtefactZone"/><OtherTag ID="BT10" LABEL="DropCapitalZone" DESCRIPTION="block type DropCapitalZone"/><OtherTag ID="BT11" LABEL="GraphicZone" DESCRIPTION="block type GraphicZone"/><OtherTag ID="BT12" LABEL="MainZone" DESCRIPTION="block type MainZone"/><OtherTag ID="BT13" LABEL="MarginTextZone" DESCRIPTION="block type MarginTextZone"/><OtherTag ID="BT14" LABEL="MusicZone" DESCRIPTION="block type MusicZone"/><OtherTag ID="BT15" LABEL="NumberingZone" DESCRIPTION="block type NumberingZone"/><OtherTag ID="BT17" LABEL="QuireMarksZone" DESCRIPTION="block type QuireMarksZone"/><OtherTag ID="BT18" LABEL="RunningTitleZone" DESCRIPTION="block type RunningTitleZone"/><OtherTag ID="BT19" LABEL="SealZone" DESCRIPTION="block type SealZone"/><OtherTag ID="BT20" LABEL="StampZone" DESCRIPTION="block type StampZone"/><OtherTag ID="BT21" LABEL="TableZone" DESCRIPTION="block type TableZone"/><OtherTag ID="BT22" LABEL="TitlePageZone" DESCRIPTION="block type TitlePageZone"/>
    <OtherTag ID="LT7" LABEL="CustomLine" DESCRIPTION="line type CustomLine"/><OtherTag ID="LT8" LABEL="DefaultLine" DESCRIPTION="line type DefaultLine"/><OtherTag ID="LT9" LABEL="DropCapitalLine" DESCRIPTION="line type DropCapitalLine"/><OtherTag ID="LT10" LABEL="HeadingLine" DESCRIPTION="line type HeadingLine"/><OtherTag ID="LT11" LABEL="InterlinearLine" DESCRIPTION="line type InterlinearLine"/><OtherTag ID="LT12" LABEL="MusicLine" DESCRIPTION="line type MusicLine"/><OtherTag ID="LT1257" LABEL="default" DESCRIPTION="line type default"/>
  </Tags>
  <Layout>
    <Page WIDTH="1136"
          HEIGHT="1670"
          PHYSICAL_IMG_NR="1"
          ID="eSc_dummypage_">
      <PrintSpace HPOS="0"
                  VPOS="0"
                  WIDTH="1136"
                  HEIGHT="1670">
        <TextBlock HPOS="382"
                   VPOS="152"
                   WIDTH="736"
                   HEIGHT="1282"
                   ID="eSc_textblock_319d8383"
                   TAGREFS="BT12">
          <Shape><Polygon POINTS="392 293 382 1434 1100 1422 1118 294 1063 152 539 154 451 156"/></Shape>
          <TextLine ID="eSc_line_490b97d9"
                    TAGREFS="LT8"
                    BASELINE="376 211 401 210" 
                    HPOS="373"
                    VPOS="165"
                    WIDTH="27"
                    HEIGHT="63">
            <Shape><Polygon POINTS="375 210 375 226 399 228 400 208 398 171 373 165 375 210"/></Shape>
            <String CONTENT="2"
                    HPOS="373"
                    VPOS="165"
                    WIDTH="27"
                    HEIGHT="63"
                    ></String>
          </TextLine>
          <TextLine ID="eSc_line_42db26a8"
                    TAGREFS="LT10"
                    BASELINE="448 209 697 204 1045 205" 
                    HPOS="445"
                    VPOS="154"
                    WIDTH="599"
                    HEIGHT="72">
            <Shape><Polygon POINTS="446 208 446 226 501 218 522 226 523 226 524 226 616 225 618 225 655 215 748 225 750 225 751 225 781 214 831 221 832 221 833 221 857 214 875 222 877 222 878 222 999 214 1042 224 1044 204 1041 154 456 155 445 164"/></Shape>
            <String CONTENT="¶ Aux Lecteurs fideles, Salut en"
                    HPOS="445"
                    VPOS="154"
                    WIDTH="599"
                    HEIGHT="72"
                    WC="0.9982759635895491"></String>
          </TextLine>
          <TextLine ID="eSc_line_99f91a86"
                    TAGREFS="LT10"
                    BASELINE="640 254 882 250" 
                    HPOS="639"
                    VPOS="205"
                    WIDTH="243"
                    HEIGHT="67">
            <Shape><Polygon POINTS="641 269 655 266 689 271 690 271 691 271 716 261 758 265 759 265 760 265 769 260 791 271 792 271 793 272 819 272 819 271 820 271 821 271 821 270 826 266 852 270 853 270 854 270 882 257 882 250 880 214 865 214 856 205 855 205 854 205 853 205 852 205 837 213 782 206 781 206 780 206 752 215 726 210 725 210 724 210 712 215 704 208 703 208 702 208 701 208 671 213 646 208 645 208 644 208 639 211 640 254"/></Shape>
            <String CONTENT="Iesus Christ."
                    HPOS="639"
                    VPOS="205"
                    WIDTH="243"
                    HEIGHT="67"
                    WC="0.9996089751903827"></String>
          </TextLine>
          <TextLine ID="eSc_line_d5785115"
                    TAGREFS="LT8"
                    BASELINE="505 346 848 341 1074 343" 
                    HPOS="502"
                    VPOS="289"
                    WIDTH="571"
                    HEIGHT="71">
            <Shape><Polygon POINTS="503 345 503 359 1070 360 1073 342 1067 290 1056 299 964 299 956 290 956 289 955 289 953 289 952 289 860 290 858 290 835 299 781 290 779 290 710 300 502 295 503 345"/></Shape>
            <String CONTENT="E Seigneur Iesus Christ, affin q̃"
                    HPOS="502"
                    VPOS="289"
                    WIDTH="571"
                    HEIGHT="71"
                    ></String>
          </TextLine>
          <TextLine ID="eSc_line_c6d7d4ff"
                    TAGREFS="LT8"
                    BASELINE="517 390 1086 387" 
                    HPOS="515"
                    VPOS="350"
                    WIDTH="570"
                    HEIGHT="56">
            <Shape><Polygon POINTS="516 389 516 404 584 399 661 406 662 406 664 406 686 399 746 406 747 406 748 406 750 406 758 399 774 406 775 406 776 406 778 406 779 406 787 400 794 406 796 406 797 406 799 406 861 398 882 404 884 404 885 404 886 404 907 398 1058 404 1059 404 1060 404 1085 396 1085 386 1083 353 515 350 516 389"/></Shape>
            <String CONTENT="le monde ne peut pretendre cause"
                    HPOS="515"
                    VPOS="350"
                    WIDTH="570"
                    HEIGHT="56"
                    WC="0.9991471339017153"></String>
          </TextLine>
          <TextLine ID="eSc_line_e7dffaa2"
                    TAGREFS="LT8"
                    BASELINE="405 436 1084 431" 
                    HPOS="404"
                    VPOS="392"
                    WIDTH="680"
                    HEIGHT="60">
            <Shape><Polygon POINTS="405 436 405 446 437 452 438 452 511 446 570 451 571 451 572 451 593 445 601 451 602 451 603 451 604 452 631 452 631 451 681 450 682 450 683 450 692 444 803 449 804 449 805 449 820 443 852 449 852 449 853 449 854 449 864 442 924 449 925 449 926 449 938 442 1059 448 1060 448 1061 448 1084 440 1084 431 1084 398 1071 392 1071 392 1070 392 1035 399 998 394 997 394 966 400 942 393 942 393 906 393 905 393 904 393 903 393 890 401 876 401 865 393 864 393 864 393 863 393 862 393 844 400 752 394 751 394 750 394 749 394 749 395 740 402 714 395 713 395 668 395 667 395 666 395 665 395 654 403 629 403 404 398 405 436"/></Shape>
            <String CONTENT="dignorance, ⁊ q̃ les siens feussent tous¬"
                    HPOS="404"
                    VPOS="392"
                    WIDTH="680"
                    HEIGHT="60"
                    WC="0.9964198135748142"></String>
          </TextLine>
          <TextLine ID="eSc_line_7c1a13d9"
                    TAGREFS="LT8"
                    BASELINE="403 482 1087 477" 
                    HPOS="403"
                    VPOS="437"
                    WIDTH="684"
                    HEIGHT="58">
            <Shape><Polygon POINTS="403 492 515 490 541 495 542 495 611 489 654 495 655 495 656 495 667 489 688 493 689 493 720 488 727 494 728 494 729 494 730 495 755 495 755 494 756 494 768 488 815 488 941 493 942 493 942 493 965 487 1048 492 1049 492 1086 486 1087 477 1083 437 1068 447 964 438 963 438 962 438 941 449 893 449 882 439 881 439 880 439 879 439 850 444 813 439 812 439 811 439 782 449 740 440 739 440 738 440 737 440 725 448 658 442 657 442 580 449 549 441 548 441 547 441 546 441 528 451 430 451 403 442 403 482 403 492"/></Shape>
            <String CONTENT="iours aduertiz des scandales qui uien¬"
                    HPOS="403"
                    VPOS="437"
                    WIDTH="684"
                    HEIGHT="58"
                    WC="0.9921731791998211"></String>
          </TextLine>
          <TextLine ID="eSc_line_8a57d1d5"
                    TAGREFS="LT8"
                    BASELINE="404 529 1087 524" 
                    HPOS="403"
                    VPOS="485"
                    WIDTH="684"
                    HEIGHT="58">
            <Shape><Polygon POINTS="404 529 404 539 497 543 498 543 499 543 500 543 507 538 577 537 594 542 595 542 596 542 597 542 598 542 606 537 628 542 629 542 630 542 762 535 768 539 769 539 770 539 858 540 859 540 926 534 1066 538 1067 538 1068 538 1087 532 1087 524 1085 493 1006 493 995 485 994 485 994 485 993 485 992 485 958 494 919 494 912 488 911 488 910 488 909 488 908 488 907 488 900 494 846 494 835 486 834 486 833 486 777 486 776 486 775 486 743 495 687 487 657 487 656 487 655 487 654 487 645 493 633 489 632 489 632 489 631 489 615 496 589 488 588 488 574 488 573 488 572 488 571 488 561 496 512 488 511 488 465 498 448 498 434 488 433 488 432 488 431 488 403 491 404 529"/></Shape>
            <String CONTENT="droyẽt: a uoulu demõstrer par certains"
                    HPOS="403"
                    VPOS="485"
                    WIDTH="684"
                    HEIGHT="58"
                    WC="0.9870788589119911"></String>
          </TextLine>
          <TextLine ID="eSc_line_ca2db0e1"
                    TAGREFS="LT8"
                    BASELINE="413 572 1087 570" 
                    HPOS="410"
                    VPOS="528"
                    WIDTH="675"
                    HEIGHT="64">
            <Shape><Polygon POINTS="412 571 412 592 498 584 520 591 522 591 523 591 524 591 541 584 657 591 658 591 659 591 683 584 1042 590 1044 590 1084 581 1085 569 1083 534 929 528 928 528 927 528 925 528 914 537 787 537 779 528 778 528 776 528 775 528 726 538 565 538 537 530 535 530 534 530 446 537 424 530 423 530 421 530 420 530 419 530 410 535 412 571"/></Shape>
            <String CONTENT="signes, le temps de tẽtation. Cest assa¬"
                    HPOS="410"
                    VPOS="528"
                    WIDTH="675"
                    HEIGHT="64"
                    ></String>
          </TextLine>
          <TextLine ID="eSc_line_560f5beb"
                    TAGREFS="LT8"
                    BASELINE="404 621 1085 616" 
                    HPOS="403"
                    VPOS="579"
                    WIDTH="682"
                    HEIGHT="57">
            <Shape><Polygon POINTS="404 621 404 629 427 636 428 636 429 636 430 636 450 629 501 636 502 636 544 629 598 629 608 635 609 635 610 635 611 636 662 636 662 635 663 635 677 628 695 634 696 634 697 635 740 635 740 634 741 634 742 634 749 628 761 634 762 634 763 634 794 628 861 633 862 633 863 633 877 627 943 627 957 632 958 632 959 632 960 632 974 626 1003 631 1004 632 1085 632 1085 616 1083 586 943 586 895 579 894 579 893 579 875 586 867 579 866 579 865 579 813 579 812 579 740 587 710 580 709 580 661 581 660 581 659 581 651 588 639 581 638 581 637 581 609 588 594 583 593 583 593 583 560 588 552 581 551 581 550 581 549 581 548 581 518 589 462 583 461 583 460 583 447 589 403 586 404 621"/></Shape>
            <String CONTENT="uoir, cõment Leuangile seroit ⁊ receu,"
                    HPOS="403"
                    VPOS="579"
                    WIDTH="682"
                    HEIGHT="57"
                    WC="0.9953838678506705"></String>
          </TextLine>
          <TextLine ID="eSc_line_b2890398"
                    TAGREFS="LT8"
                    BASELINE="408 668 857 662 1087 663" 
                    HPOS="407"
                    VPOS="623"
                    WIDTH="680"
                    HEIGHT="63">
            <Shape><Polygon POINTS="408 668 408 680 413 684 414 684 415 684 416 684 417 684 418 684 428 678 448 678 460 685 461 685 462 685 463 686 494 686 494 685 495 685 516 677 544 684 545 684 546 684 582 676 626 681 627 681 628 681 646 676 667 683 668 683 669 683 694 682 695 682 696 682 704 675 723 682 724 682 725 683 757 683 757 682 758 682 759 682 766 678 807 681 808 681 845 673 883 673 895 679 896 679 897 679 898 679 914 673 922 680 923 680 924 680 925 680 1002 672 1085 672 1087 663 1086 629 1026 625 1025 625 999 629 968 623 967 623 966 623 946 629 933 623 932 623 931 623 844 631 785 625 784 625 783 625 771 631 745 626 744 626 692 632 671 626 670 626 669 626 580 634 527 628 526 628 525 628 513 632 505 628 504 628 503 628 503 628 502 628 487 635 475 630 474 630 473 630 447 635 407 632 408 668"/></Shape>
            <String CONTENT="⁊ oppugne. Lesquelz signes silz sont au"
                    HPOS="407"
                    VPOS="623"
                    WIDTH="680"
                    HEIGHT="63"
                    WC="0.999936600526174"></String>
          </TextLine>
          <TextLine ID="eSc_line_c1d3bf56"
                    TAGREFS="LT8"
                    BASELINE="404 713 1088 707" 
                    HPOS="403"
                    VPOS="669"
                    WIDTH="685"
                    HEIGHT="60">
            <Shape><Polygon POINTS="404 713 404 722 421 729 422 729 423 729 454 722 497 729 498 729 499 729 522 721 580 728 580 728 581 728 582 728 593 720 655 720 680 727 681 727 682 727 711 720 745 727 746 727 778 719 807 726 808 726 809 726 821 719 845 724 846 724 847 724 863 719 887 725 888 725 889 725 890 725 905 719 934 719 950 725 951 725 952 725 953 725 981 718 999 724 1000 724 1001 725 1025 725 1025 724 1026 724 1027 724 1033 719 1066 724 1067 724 1068 724 1088 717 1088 707 1086 678 1048 678 1021 669 1020 669 1019 669 1019 669 1018 669 1005 678 915 678 904 670 903 670 903 670 876 670 875 670 874 670 846 679 786 672 785 672 729 680 706 672 705 672 704 672 703 672 702 672 692 680 650 680 633 672 632 672 632 672 631 672 630 672 624 677 619 673 619 673 618 673 577 673 576 673 575 673 558 680 548 677 547 677 546 677 516 681 422 674 421 674 420 674 403 681 404 713"/></Shape>
            <String CONTENT="uray considerez: lon cognoistra, mesme"
                    HPOS="403"
                    VPOS="669"
                    WIDTH="685"
                    HEIGHT="60"
                    WC="0.9801449916864696"></String>
          </TextLine>
          <TextLine ID="eSc_line_5e324362"
                    TAGREFS="LT8"
                    BASELINE="405 759 1088 753" 
                    HPOS="404"
                    VPOS="715"
                    WIDTH="684"
                    HEIGHT="59">
            <Shape><Polygon POINTS="405 759 405 769 415 774 416 774 417 774 505 767 517 773 518 773 519 774 599 774 599 773 656 766 687 772 688 772 689 772 702 765 769 765 793 771 794 771 795 771 796 771 814 764 844 770 845 770 846 770 869 764 919 769 920 769 921 769 935 763 944 769 945 769 946 769 989 770 990 770 991 770 992 770 992 769 998 763 1065 768 1066 768 1067 768 1088 761 1088 753 1085 721 1049 722 1030 715 1029 715 1028 715 1027 715 1004 723 938 723 891 716 890 716 850 724 816 719 815 719 782 726 723 726 698 718 697 718 697 718 696 718 673 725 666 719 665 719 664 719 624 719 623 719 539 727 518 719 517 719 516 719 516 719 497 728 446 720 445 720 404 729 405 759"/></Shape>
            <String CONTENT="a loeil, que noꝰ sommes au tẽps predict"
                    HPOS="404"
                    VPOS="715"
                    WIDTH="684"
                    HEIGHT="59"
                    WC="0.9869400575757027"></String>
          </TextLine>
          <TextLine ID="eSc_line_2108c2d1"
                    TAGREFS="LT8"
                    BASELINE="404 807 1089 799" 
                    HPOS="403"
                    VPOS="759"
                    WIDTH="686"
                    HEIGHT="63">
            <Shape><Polygon POINTS="404 807 404 822 442 816 489 822 490 822 518 815 528 821 529 821 529 821 530 822 561 822 561 821 562 821 576 814 618 814 625 820 626 820 627 820 628 820 660 813 679 819 680 819 681 819 764 812 801 818 802 818 839 811 1088 814 1089 799 1087 767 1060 760 1059 760 1028 768 940 768 926 759 925 759 924 759 923 759 922 759 896 769 864 762 864 762 863 762 839 770 786 770 745 761 744 761 743 761 722 770 692 762 691 762 690 762 689 762 668 769 653 763 652 763 610 763 609 763 608 763 607 763 599 770 571 772 543 764 542 764 542 764 541 764 540 764 527 772 516 764 515 764 514 764 513 764 469 771 454 765 453 765 403 765 404 807"/></Shape>
            <String CONTENT="par Iesus Christ. Car nous uoyons la"
                    HPOS="403"
                    VPOS="759"
                    WIDTH="686"
                    HEIGHT="63"
                    WC="0.9951847841342291"></String>
          </TextLine>
          <TextLine ID="eSc_line_566c4834"
                    TAGREFS="LT8"
                    BASELINE="406 852 1088 846" 
                    HPOS="405"
                    VPOS="807"
                    WIDTH="683"
                    HEIGHT="59">
            <Shape><Polygon POINTS="406 852 406 866 443 860 529 864 529 864 530 864 531 864 541 859 590 859 618 864 619 864 619 864 633 857 699 857 710 863 711 863 712 863 713 863 746 858 794 863 795 863 892 862 893 862 924 855 987 859 988 859 1012 854 1024 860 1025 860 1026 860 1088 855 1088 846 1087 814 1065 807 1064 807 1063 807 1062 807 1043 813 1006 809 1006 809 1005 809 988 815 909 815 893 808 892 808 891 808 890 808 876 815 812 809 811 809 810 809 793 816 722 809 722 809 721 809 702 816 677 810 676 810 675 810 674 810 664 818 640 818 626 810 625 810 600 810 599 810 598 810 581 816 571 811 570 811 503 811 503 811 502 811 486 820 405 820 406 852"/></Shape>
            <String CONTENT="parolle de Dieu estre oppugnee de plu"
                    HPOS="405"
                    VPOS="807"
                    WIDTH="683"
                    HEIGHT="59"
                    WC="0.999750559394424"></String>
          </TextLine>
          <TextLine ID="eSc_line_2df31d00"
                    TAGREFS="LT8"
                    BASELINE="408 898 1088 892" 
                    HPOS="407"
                    VPOS="853"
                    WIDTH="681"
                    HEIGHT="59">
            <Shape><Polygon POINTS="408 898 408 912 476 912 476 912 477 912 477 912 486 906 544 911 545 911 546 911 547 911 554 905 630 910 631 910 657 904 839 908 840 908 869 902 1062 907 1063 907 1064 907 1088 899 1088 892 1087 860 1060 853 1059 853 1058 853 1032 859 1026 853 1025 853 1024 853 998 853 997 853 996 853 972 862 901 862 892 855 891 855 890 855 861 854 860 854 824 862 783 858 782 858 736 863 671 856 670 856 632 865 557 865 529 857 529 857 528 857 454 863 425 858 424 858 423 858 407 865 408 898"/></Shape>
            <String CONTENT="sieurs: ⁊ receue daucuns. Cõme aussi la"
                    HPOS="407"
                    VPOS="853"
                    WIDTH="681"
                    HEIGHT="59"
                    WC="0.9708713039755821"></String>
          </TextLine>
          <TextLine ID="eSc_line_f88e2e56"
                    TAGREFS="LT8"
                    BASELINE="407 944 745 938 1084 938" 
                    HPOS="406"
                    VPOS="899"
                    WIDTH="678"
                    HEIGHT="60">
            <Shape><Polygon POINTS="407 944 407 955 483 952 507 959 508 959 509 959 510 959 511 959 525 950 549 950 593 958 593 958 594 958 595 958 607 950 618 956 619 956 619 956 620 956 634 950 646 955 647 955 648 955 649 955 661 950 675 957 676 957 677 957 703 951 745 957 746 957 766 956 767 956 768 956 777 949 912 955 913 955 914 955 930 948 950 955 951 955 952 955 1007 947 1035 954 1036 954 1037 955 1084 955 1084 938 1082 899 1057 906 968 906 881 899 880 899 879 899 857 907 828 902 827 902 826 902 807 907 800 901 799 901 798 901 797 901 796 901 776 907 767 901 766 901 765 901 764 901 763 901 744 909 720 909 711 901 710 901 710 901 709 901 677 908 665 901 664 901 636 901 635 901 634 901 616 909 548 902 547 902 546 902 545 902 536 909 489 903 488 903 451 909 427 903 426 903 426 903 425 903 406 910 407 944"/></Shape>
            <String CONTENT="semẽce ne prẽd pas par tout son accrois"
                    HPOS="406"
                    VPOS="899"
                    WIDTH="678"
                    HEIGHT="60"
                    WC="0.9965742579320582"></String>
          </TextLine>
          <TextLine ID="eSc_line_78ec69f3"
                    TAGREFS="LT8"
                    BASELINE="408 989 1089 983" 
                    HPOS="407"
                    VPOS="945"
                    WIDTH="682"
                    HEIGHT="57">
            <Shape><Polygon POINTS="408 989 408 1002 528 997 572 997 589 1002 590 1002 591 1002 724 1002 725 1002 726 1002 734 996 826 999 827 999 863 994 904 1000 905 1000 951 994 973 1000 974 1000 975 1000 1006 993 1018 999 1019 999 1019 1000 1056 1000 1056 999 1089 991 1089 983 1086 951 973 953 919 945 918 945 917 945 916 945 905 953 792 946 791 946 790 946 789 946 779 955 746 956 691 956 670 947 669 947 668 947 623 948 622 948 606 956 595 950 594 950 593 950 593 950 592 950 583 956 570 949 569 949 568 949 568 949 552 952 533 948 532 948 531 948 470 956 438 949 437 949 407 954 408 989"/></Shape>
            <String CONTENT="sement: ainsi la parolle du Seigneur"
                    HPOS="407"
                    VPOS="945"
                    WIDTH="682"
                    HEIGHT="57"
                    WC="0.9959704925616583"></String>
          </TextLine>
          <TextLine ID="eSc_line_de4201c1"
                    TAGREFS="LT8"
                    BASELINE="403 1035 1086 1027" 
                    HPOS="402"
                    VPOS="992"
                    WIDTH="684"
                    HEIGHT="60">
            <Shape><Polygon POINTS="403 1035 403 1044 466 1052 467 1052 468 1052 490 1043 598 1043 628 1050 629 1050 630 1050 631 1050 639 1044 650 1048 651 1048 652 1048 653 1048 654 1048 654 1047 660 1041 680 1049 681 1049 682 1050 722 1050 722 1049 722 1049 745 1040 780 1048 781 1048 832 1040 879 1045 880 1045 881 1045 896 1041 903 1047 904 1047 905 1047 906 1047 965 1039 1010 1045 1011 1045 1012 1045 1024 1040 1077 1045 1078 1045 1079 1045 1080 1045 1086 1039 1086 1027 1084 998 990 999 969 992 968 992 968 992 967 992 966 992 966 993 959 999 943 994 942 994 942 994 941 994 940 994 934 999 890 995 890 995 889 995 879 1000 828 996 827 996 826 996 810 1001 800 993 799 993 798 993 754 993 753 993 752 993 726 1002 683 994 682 994 681 994 647 1002 588 995 587 995 527 996 483 1004 464 997 464 997 463 997 462 997 448 1002 409 998 408 998 407 998 406 998 402 1000 403 1035"/></Shape>
            <String CONTENT="ne produit pas son efficace en toꝰ ceux"
                    HPOS="402"
                    VPOS="992"
                    WIDTH="684"
                    HEIGHT="60"
                    WC="0.9892164377065805"></String>
          </TextLine>
          <TextLine ID="eSc_line_3fc53caa"
                    TAGREFS="LT8"
                    BASELINE="419 1082 494 1079 1084 1075" 
                    HPOS="416"
                    VPOS="1032"
                    WIDTH="667"
                    HEIGHT="67">
            <Shape><Polygon POINTS="417 1081 417 1099 456 1092 597 1098 598 1098 787 1089 1080 1093 1083 1074 1080 1040 985 1032 984 1032 982 1032 952 1040 900 1034 899 1034 832 1040 786 1034 785 1034 783 1034 782 1034 782 1035 781 1035 775 1042 740 1035 739 1035 737 1035 712 1042 676 1035 675 1035 622 1042 601 1035 600 1035 598 1035 597 1035 577 1043 552 1036 551 1036 549 1036 548 1036 529 1043 517 1036 516 1036 515 1036 513 1036 416 1039 417 1081"/></Shape>
            <String CONTENT="qui loyẽt. Car seulemẽt elle fructifie en"
                    HPOS="416"
                    VPOS="1032"
                    WIDTH="667"
                    HEIGHT="67"
                    WC="0.9743630899939426"></String>
          </TextLine>
          <TextLine ID="eSc_line_36d529c0"
                    TAGREFS="LT8"
                    BASELINE="404 1125 1083 1120" 
                    HPOS="403"
                    VPOS="1082"
                    WIDTH="680"
                    HEIGHT="59">
            <Shape><Polygon POINTS="404 1125 404 1133 417 1139 418 1139 419 1139 452 1133 463 1140 464 1140 464 1140 465 1141 535 1141 535 1140 536 1140 537 1140 542 1134 560 1139 561 1139 562 1139 598 1134 607 1139 608 1139 609 1139 640 1132 665 1137 666 1137 667 1137 678 1131 700 1136 701 1136 748 1131 767 1138 768 1138 769 1138 849 1130 888 1135 889 1136 973 1136 973 1135 974 1135 991 1130 1017 1135 1018 1135 1082 1133 1083 1120 1081 1091 1048 1091 1025 1082 1024 1082 1023 1082 1022 1082 995 1091 934 1083 933 1083 932 1083 931 1083 916 1091 841 1091 812 1083 811 1083 810 1083 753 1084 752 1084 751 1084 740 1091 727 1084 726 1084 725 1084 724 1084 723 1084 712 1091 675 1084 674 1084 673 1084 656 1090 637 1085 636 1085 635 1085 634 1085 633 1085 621 1093 556 1085 555 1085 555 1085 554 1085 538 1094 453 1086 452 1086 451 1086 451 1086 436 1095 403 1095 404 1125"/></Shape>
            <String CONTENT="ceux qui sont cõme la bonne terre bien"
                    HPOS="403"
                    VPOS="1082"
                    WIDTH="680"
                    HEIGHT="59"
                    WC="0.992140606427804"></String>
          </TextLine>
          <TextLine ID="eSc_line_bfce791b"
                    TAGREFS="LT8"
                    BASELINE="402 1171 1087 1166" 
                    HPOS="401"
                    VPOS="1128"
                    WIDTH="686"
                    HEIGHT="56">
            <Shape><Polygon POINTS="402 1171 402 1184 1086 1179 1087 1166 1086 1136 1059 1128 1058 1128 1058 1128 1057 1128 1030 1135 903 1129 902 1129 901 1129 885 1136 843 1130 842 1130 841 1130 826 1138 768 1138 747 1130 746 1130 745 1130 710 1138 651 1130 650 1130 649 1130 622 1139 578 1131 577 1131 576 1131 575 1131 566 1139 514 1141 498 1141 489 1132 488 1132 487 1132 486 1132 485 1132 469 1137 429 1132 428 1132 427 1132 401 1141 402 1171"/></Shape>
            <String CONTENT="cultiuee: qͥ ont un coeur obeyssãt a icelle"
                    HPOS="401"
                    VPOS="1128"
                    WIDTH="686"
                    HEIGHT="56"
                    WC="0.9911768409338865"></String>
          </TextLine>
          <TextLine ID="eSc_line_8bf1c1db"
                    TAGREFS="LT8"
                    BASELINE="403 1217 1087 1212" 
                    HPOS="402"
                    VPOS="1176"
                    WIDTH="685"
                    HEIGHT="56">
            <Shape><Polygon POINTS="403 1217 403 1224 496 1232 497 1232 541 1224 606 1231 606 1231 726 1223 790 1223 798 1230 799 1230 800 1230 800 1230 953 1221 976 1228 977 1228 978 1228 979 1228 1002 1221 1010 1228 1011 1228 1012 1228 1013 1228 1087 1223 1087 1212 1085 1181 1049 1176 1048 1176 993 1182 981 1176 980 1176 979 1176 978 1176 963 1182 936 1177 935 1177 934 1177 917 1184 866 1184 858 1177 857 1177 856 1177 813 1177 813 1177 812 1177 811 1177 801 1184 735 1178 734 1178 733 1178 732 1178 723 1185 676 1185 664 1179 663 1179 620 1179 619 1179 573 1185 540 1179 539 1179 479 1186 402 1181 403 1217"/></Shape>
            <String CONTENT="duquel les espines des solicitudes mõ¬"
                    HPOS="402"
                    VPOS="1176"
                    WIDTH="685"
                    HEIGHT="56"
                    WC="0.9954095727358109"></String>
          </TextLine>
          <TextLine ID="eSc_line_c68a3166"
                    TAGREFS="LT8"
                    BASELINE="404 1263 1086 1258" 
                    HPOS="403"
                    VPOS="1221"
                    WIDTH="683"
                    HEIGHT="60">
            <Shape><Polygon POINTS="404 1263 404 1272 539 1281 540 1281 610 1271 620 1278 621 1278 622 1278 675 1280 676 1280 677 1280 712 1271 802 1279 803 1279 804 1279 832 1270 937 1278 938 1278 939 1278 967 1269 989 1269 1008 1277 1009 1277 1010 1277 1085 1268 1086 1258 1083 1221 1065 1230 1004 1230 988 1221 987 1221 986 1221 895 1231 819 1231 800 1223 799 1223 778 1223 777 1223 776 1223 775 1223 763 1231 750 1224 749 1224 748 1224 674 1233 619 1233 608 1224 607 1224 606 1224 606 1224 576 1231 546 1224 545 1224 544 1224 525 1233 507 1233 498 1225 497 1225 496 1225 495 1225 494 1225 475 1233 447 1225 446 1225 445 1225 403 1228 404 1263"/></Shape>
            <String CONTENT="daines sont coppees. Par ainsi la pa¬"
                    HPOS="403"
                    VPOS="1221"
                    WIDTH="683"
                    HEIGHT="60"
                    WC="0.9994553971934963"></String>
          </TextLine>
          <TextLine ID="eSc_line_64675a1f"
                    TAGREFS="LT8"
                    BASELINE="402 1308 1087 1304" 
                    HPOS="401"
                    VPOS="1268"
                    WIDTH="686"
                    HEIGHT="50">
            <Shape><Polygon POINTS="402 1308 402 1318 1086 1315 1087 1304 1085 1274 916 1268 915 1268 886 1274 822 1269 821 1269 820 1269 806 1275 722 1275 714 1271 713 1271 712 1271 711 1271 710 1271 710 1271 702 1275 688 1270 687 1270 686 1270 685 1270 664 1275 626 1270 625 1270 624 1270 608 1275 592 1270 591 1270 590 1270 561 1276 423 1271 422 1271 421 1271 401 1276 402 1308"/></Shape>
            <String CONTENT="rolle trouuant le coeur humble, entre"
                    HPOS="401"
                    VPOS="1268"
                    WIDTH="686"
                    HEIGHT="50"
                    WC="0.995072598392899"></String>
          </TextLine>
          <TextLine ID="eSc_line_3fdb41ed"
                    TAGREFS="LT8"
                    BASELINE="403 1353 1087 1349" 
                    HPOS="402"
                    VPOS="1312"
                    WIDTH="685"
                    HEIGHT="57">
            <Shape><Polygon POINTS="403 1353 403 1364 510 1362 572 1369 573 1369 574 1369 575 1369 584 1363 596 1368 597 1368 598 1368 634 1363 640 1368 641 1368 642 1368 643 1369 698 1369 698 1368 761 1361 894 1367 895 1367 930 1360 966 1366 967 1367 1060 1367 1060 1366 1061 1366 1087 1358 1087 1349 1085 1314 1055 1312 1054 1312 1053 1312 1052 1312 1042 1319 953 1313 952 1313 951 1313 950 1313 942 1320 915 1320 906 1313 905 1313 904 1313 903 1313 871 1318 852 1313 851 1313 850 1313 849 1313 826 1320 810 1313 809 1313 746 1313 745 1313 744 1313 730 1321 686 1314 685 1314 684 1314 658 1321 630 1315 629 1315 589 1321 546 1315 545 1315 516 1322 485 1315 453 1315 452 1315 451 1315 436 1322 402 1320 403 1353"/></Shape>
            <String CONTENT="dedẽs. Mais au coeͬ rebelle, la cõgnois¬"
                    HPOS="402"
                    VPOS="1312"
                    WIDTH="685"
                    HEIGHT="57"
                    WC="0.9837115392798469"></String>
          </TextLine>
          <TextLine ID="eSc_line_65a2f619"
                    TAGREFS="LT8"
                    BASELINE="407 1401 1087 1396" 
                    HPOS="406"
                    VPOS="1357"
                    WIDTH="681"
                    HEIGHT="70">
            <Shape><Polygon POINTS="407 1401 407 1417 448 1427 449 1427 479 1425 480 1425 496 1417 516 1422 516 1422 517 1422 518 1422 534 1415 559 1424 560 1424 561 1424 618 1417 631 1422 632 1422 632 1422 647 1419 657 1425 658 1425 658 1425 659 1425 780 1424 781 1424 798 1418 805 1425 806 1425 807 1425 808 1425 859 1425 859 1425 860 1425 884 1418 890 1423 890 1423 891 1423 892 1423 919 1421 920 1421 921 1421 930 1413 963 1421 964 1421 965 1421 966 1421 967 1421 974 1415 1000 1419 1001 1419 1002 1419 1003 1419 1013 1411 1087 1410 1087 1396 1084 1365 1043 1365 1030 1357 1029 1357 1028 1357 993 1357 992 1357 991 1357 990 1357 978 1365 963 1358 962 1358 961 1358 960 1358 959 1358 953 1363 937 1361 936 1361 935 1361 921 1366 828 1359 827 1359 826 1359 826 1359 813 1367 790 1359 789 1359 788 1359 745 1368 706 1362 705 1362 676 1368 662 1361 661 1361 660 1361 659 1361 658 1361 648 1368 626 1362 625 1362 624 1362 623 1362 611 1369 595 1363 594 1363 593 1363 593 1363 577 1368 533 1361 532 1361 531 1361 513 1370 497 1361 496 1361 495 1361 455 1366 448 1361 447 1361 446 1361 445 1361 406 1361 407 1401"/></Shape>
            <String CONTENT="sãce de Dieu ne peut habiter. Moy dõc"
                    HPOS="406"
                    VPOS="1357"
                    WIDTH="681"
                    HEIGHT="70"
                    WC="0.984357707011394"></String>
          </TextLine>
          <TextLine ID="eSc_line_32b9411a"
                    TAGREFS="LT8"
                    BASELINE="271 572 399 572" 
                    HPOS="270"
                    VPOS="503"
                    WIDTH="128"
                    HEIGHT="107">
            <Shape><Polygon POINTS="270 571 270 594 309 609 310 609 311 610 352 610 352 609 353 609 398 594 398 571 398 503 353 503 352 503 350 503 349 503 320 523 270 523 270 571"/></Shape>
            <String CONTENT="Mat.24"
                    HPOS="270"
                    VPOS="503"
                    WIDTH="128"
                    HEIGHT="107"
                    ></String>
          </TextLine>
          <TextLine ID="eSc_line_47a829ab"
                    TAGREFS="LT8"
                    BASELINE="268 1089 403 1083" 
                    HPOS="265"
                    VPOS="1045"
                    WIDTH="137"
                    HEIGHT="66">
            <Shape><Polygon POINTS="267 1088 267 1104 328 1111 329 1111 382 1102 399 1109 402 1082 399 1053 290 1045 289 1045 288 1045 265 1056 267 1088"/></Shape>
            <String CONTENT="Mat.10."
                    HPOS="265"
                    VPOS="1045"
                    WIDTH="137"
                    HEIGHT="66"
                    WC="0.9620485050337655"></String>
          </TextLine>
        </TextBlock>
        <TextBlock HPOS="922"
                   VPOS="1404"
                   WIDTH="183"
                   HEIGHT="75"
                   ID="eSc_textblock_9ea9b26f"
                   TAGREFS="BT17">
          <Shape><Polygon POINTS="922 1404 922 1479 1105 1479 1105 1404"/></Shape>
          <TextLine ID="eSc_line_025bf31b"
                    TAGREFS="LT8"
                    BASELINE="934 1445 1087 1442" 
                    HPOS="933"
                    VPOS="1405"
                    WIDTH="154"
                    HEIGHT="66">
            <Shape><Polygon POINTS="934 1445 934 1470 979 1471 980 1471 981 1471 981 1471 981 1470 993 1460 1010 1470 1011 1470 1012 1470 1013 1470 1042 1457 1086 1456 1087 1442 1086 1411 1076 1405 1075 1405 1074 1405 1034 1413 1020 1406 1019 1406 1019 1406 982 1414 963 1414 956 1408 956 1407 955 1407 955 1407 954 1407 933 1409 934 1445"/></Shape>
            <String CONTENT="scachant"
                    HPOS="933"
                    VPOS="1405"
                    WIDTH="154"
                    HEIGHT="66"
                    WC="0.999996080994606"></String>
          </TextLine>
        </TextBlock>
        <TextBlock HPOS="401"
                   VPOS="292"
                   WIDTH="106"
                   HEIGHT="120"
                   ID="eSc_textblock_d643a03b"
                   TAGREFS="BT10">
          <Shape><Polygon POINTS="401 292 401 412 507 412 507 292"/></Shape>
          <TextLine ID="eSc_line_a68738fa"
                    TAGREFS="LT9"
                    BASELINE="414 396 497 390" 
                    HPOS="403"
                    VPOS="302"
                    WIDTH="128"
                    HEIGHT="107">
            <Shape><Polygon POINTS="491 302 432 303 403 346 432 409 496 409 496 389 496 345 531 306"/></Shape>
            <String CONTENT="L"
                    HPOS="403"
                    VPOS="302"
                    WIDTH="128"
                    HEIGHT="107"
                    WC="1.0"></String>
          </TextLine>
        </TextBlock>
        <TextBlock HPOS="354"
                   VPOS="170"
                   WIDTH="71"
                   HEIGHT="69"
                   ID="eSc_textblock_75dac83f"
                   TAGREFS="BT15">
          <Shape><Polygon POINTS="354 170 354 239 425 239 425 170"/></Shape>
        </TextBlock>
        <TextBlock HPOS="267"
                   VPOS="1029"
                   WIDTH="138"
                   HEIGHT="98"
                   ID="eSc_textblock_2b3ae178"
                   TAGREFS="BT13">
          <Shape><Polygon POINTS="267 1029 267 1127 405 1127 405 1029"/></Shape>
        </TextBlock>
        <TextBlock HPOS="259"
                   VPOS="514"
                   WIDTH="150"
                   HEIGHT="90"
                   ID="eSc_textblock_14b04dc6"
                   TAGREFS="BT13">
          <Shape><Polygon POINTS="259 514 259 604 409 604 409 514"/></Shape>
        </TextBlock>
      </PrintSpace>
    </Page>
  </Layout>
</alto>
