1065 1670
690 141 58 66 31

277 136 186 70 de la Foy.

22 193 686 64 De ce mestier, ont faict dargẽt grãd sõe

25 244 675 57 De leurs oublies, ilz õt tue maĩct hões

22 292 677 57 Empoisonnez soubz leͬ faulse couleur.

22 338 578 51 Ces oublieurs auec leur malheur

23 383 674 53 Se sont iettez presque en toute la terre

22 428 664 60 Mais Dieu mercy, un hõe de ualeur

22 477 675 57 Les a chassez dalmaigne ⁊ dangleterre.

273 523 183 55 ¶ Dizain.

57 562 633 65 Uenez a moy mes e◊fãs mes amys

23 616 575 55 Qui en labeur ⁊ peine ◊rauaillez,

21 661 678 59 Et qui chargez par tormentz ⁊ ennuyz

23 708 671 55 Pour mõ sainct nom corps ◊ ame auez

556 751 131 64 (mys,

20 750 524 65 Apꝓchez uoꝰ, ⁊ serez soulaigez:

23 800 668 60 Prenez sur uoꝰ mon ioug, ⁊ apprenez

21 845 676 59 Que suis de coeͬ tãt hũble ⁊ debonaire:

21 891 655 59 En uoz espritz repos uous trouuerez

22 936 597 63 Et de peche deschargez uous serez

24 984 655 63 Car ie suis doulx ⁊ ma charge legiere.

267 1075 193 57 1.Tim.1.

65 1165 598 67 A un seul Dieu gloyre ⁊ honneur,

175 1213 387 72 qui est sur tous Roy ⁊

272 1268 197 64 Seigneur.

235 1347 249 73 1539.

693 559 131 75 matt.11.
