1136 1670
364 141 53 51 12

657 137 203 63 Confession

424 188 666 62 Ses seruiteurs: ains nous ꝓmist dõner

412 236 675 58 Dedẽs noz coeurs ses loix ⁊ mãdemẽs

417 281 615 58 Et, qui plus est, les escrire ⁊ grauer

420 328 645 58 Secrettement dans noz entendemẽs.

440 375 646 61 Croire ie ueul que par ce testament,

413 422 646 60 Qui est nouueau fonde sur uiue foy,

410 467 567 59 Est enuieilly lancien iustement:

411 513 563 59 Leq̃l regnoit en lettre de la Loy.

409 560 665 59 Noꝰ sommes dõc asseurez sans esmoy,

409 608 663 56 Que le nouueau est de grand efficace:

413 652 665 59 Car nous uiuõs soubz Iesus nr̃e Roy

410 698 626 60 En esperit, dessoubz la loy de grace.

444 745 588 60 Croire ie ueul que par le sacrifice

414 792 670 60 Faict par Iesus de son corps precieux,

410 837 501 58 Est efface le precedent office

410 884 678 59 Que lõ faisoit soubz ce testamẽt uieux

411 930 675 60 Qui nestoit riẽs q̃ le signe umbrageux

410 976 630 58 Qui figuroit celuy qui est parfaict:

409 1019 677 64 Car ꝑ leͬs dõs qͥ ne mõtoyẽt aux cieulx

414 1067 551 60 Peche nestoit efface ne deffaict.

447 1115 573 58 Croire ie ueul que par loblation

415 1161 632 58 Faicte une fois de ce glorieux corps.

409 1207 564 60 Nous est acquis sanctification:

412 1251 644 63 Pour en la foy estre puissans ⁊ fors.

408 1298 680 58 Mais de ce poĩct noꝰ fault estre records

408 1345 664 74 Quil ne se ueult offrir souuentesfois:

270 188 147 56 He.8. ⁊ 10

275 383 132 54 He.8. ⁊ 10

269 655 134 55 Rom.6.

271 744 136 55 He.9. ⁊ 10

307 929 102 53 Heb.9.

292 1017 123 54 Heb.10.

999 1391 83 66 Ou
