1136 1670
316 153 51 75 4

615 155 163 63 Epistre.

357 210 684 63 demẽt: ⁊ lay emply deaue de la fontai¬

356 260 689 57 ne uiue, qͥ court ⁊ influe dedãs ce beau

357 306 689 62 iardin. Ce faict, ay mis le pot sur le bra¬

361 352 684 61 zier du feu ardant: qui sans cesse brusle

365 400 681 57 spirituellement au milieu de ce iardin.

355 445 690 60 Et ap̃s auoir tresbien ⁊ par long tẽps

357 491 690 61 boully, sen est faict ⁊ compose ce petit

356 538 692 57 breuuage ou cirop spirituel: duq̃l tout

359 581 688 62 soubdain, ⁊ le plus chault quil ma este

362 628 683 64 possible iay prins ⁊ use. Et tout incon¬

355 676 689 58 tinent ie me suis apperceu de la sante ⁊

357 720 688 62 guerison de lame: ⁊ en semblable de lin

356 766 706 60 firmite ⁊ mortification du corps. Donc

353 813 692 59 mes treschers freres ⁊ seurs, ie uoꝰ sup¬

360 859 685 59 plye pour lhõneur de Christ, prendre et

353 905 691 59 gouster ceste petite ordõnance spiritu¬

353 951 690 60 elle. Et si en la goustãt y trouuez q̃lque

351 998 693 58 liqueur sauoreuse, qͥ puisse dõner esiou

358 1044 680 60 yssãce ou fruitiõ a lame: soyez asseurez,

351 1091 691 58 que cela ne prouiẽt que de la uertu des

352 1135 690 59 uiues herbes, ⁊ matieres, nõ pas de la

349 1181 691 57 cõposition artificielle. Et au cõtraire,

356 1227 685 59 si uoꝰ y trouuez chose, q̃ ne soit au goust

350 1275 690 56 ⁊ contentemẽt de lesperit: uous pouuez

348 1318 693 61 iuger que cela se cause ⁊ procede de lhu¬

348 1366 695 68 meur de la terre du pot neuf, auquel ces

917 1412 127 68 herbes
