1065 1670
776 140 48 63 23

301 133 199 64 de la Foy.

236 188 328 62 ¶ Oraison domi¬

332 242 134 47 nicale.

110 265 621 76 O nostre pere estãt lassus es cieulx,

56 328 574 59 Sanctifie soit ton nom precieux.

51 374 684 58 Aduienne tost ton sainct regne parfaict

58 420 676 60 Tõ weil en terre aĩsi quau ciel soit faict

53 466 684 60 A ce iourdhuy sois noꝰ tant debõnaire,

55 513 681 59 De nous dõner nostre pain ordinaire,

57 560 675 57 Pardõne noꝰ les maulx uͬs toy cõmis,

54 607 657 57 Comme faisons a tous noz ennemis.

55 654 602 53 Et ne permetz en ce bas territoire,

59 699 624 52 Tentation sur nous auoir uictoire.

55 745 655 56 Mais du Maling cauteleux ⁊ subtil

58 788 658 61 Deliure nous. O Perere ainsi soit il.

214 835 337 60 ¶ Les Articles de

330 883 138 60 la Foy.

102 925 629 63 Ie croy en Dieu le pere tout puissãt,

61 973 614 61 Qui crea terre ⁊ ciel resplendissant.

60 1020 624 60 Et en son filz unique Iesus Christ,

58 1068 682 54 Nostre seigneur conceu du sainct esprit:

59 1116 546 54 Et de Marie entiere uierge ne,

59 1157 605 62 Dessoubz Pilate a tort passionne:

59 1207 573 58 Crucifie, mort, en croix estendu:

58 1253 684 60 Au tombeau miz, aux enfers descendu:

61 1298 680 57 Et qͥ de mort reprint uie au tiers iour:

61 1345 557 67 Monta lassus au celeste sesiour:

747 441 42 57 3

453 1394 283 71 B 4 La

755 339 31 61 1

755 391 34 44 2

753 481 39 65 4

755 563 32 66 5

759 661 24 78 6

761 763 25 79 7
