1065 1670
716 128 48 76 7

271 133 188 62 de la Foy.

35 183 567 61 Donne nous par ton escripture,

35 233 571 60 Que noz esperitz soyent nourriz:

33 282 571 55 Et tes biens donnez par ta cure,

32 324 467 64 Aussi de toy soyent beneis.

225 372 302 55 ¶ Graces apres

286 418 177 56 manger.

73 466 566 55 Pere eternel te rendons graces,

34 509 641 59 De tous les biens que nous as faict:

32 557 554 58 Nous enclinans deuant ta face,

33 603 530 59 Car par exces auons forfaict.

34 648 628 59 Nous te prions pour tout mal faict,

35 694 520 59 En disans la saincte oraison,

38 738 579 63 Que ton filz Iesus nous a faict,

38 788 499 58 Pour obtenir de toy pardon.

35 830 575 67 Nostre pere ⁊c. Ainsi soit il.

261 878 246 56 ¶ Rondeau.

77 922 596 63 En ceste foy mes freres chrestiens

39 969 679 63 Qui est en Christ, laquelle ie maintiẽs,

37 1017 685 59 Que seule peut ma paoure ame nourir.

38 1062 679 60 Quãt est du corps, il ueult tormẽt souf

634 1109 88 54 (frir

37 1104 607 69 Poͬ le seigñr, car se sõt de ses biẽs.

88 1156 637 59 Fy des mondains, ⁊ riches terriens.

45 1200 658 62 Fy des abus, du pape, aussi des siens:

38 1246 689 64 Car ie cõgnois qͥl fault uiure ⁊ mourir

261 1295 231 62 En ceste foy.

84 1335 604 76 Ceste raison de foy que ie soustiens

545 1382 180 68 A messei¬
