1136 1670
322 167 69 49 20

589 159 209 61 Confession

399 207 594 67 Car il nous dit en sa parolle forte,

391 258 494 57 Le chrestien qui perseuerera

401 302 673 66 Iusque a la fin q̃ lame du corps sorte,

400 350 529 57 Soit asseure que sauue il sera.

440 397 616 60 Croire ie ueul quen leglise du pape

400 446 634 55 Rien ny est faict sinon par auarice:

401 490 683 60 Luy ⁊ les siẽs sõt bõs ioueurs de harpe

401 538 683 57 Et toꝰ leurs faictz sont regiz ꝑ malice.

404 583 681 59 Ilz õt tousioͬs leur mere grãt nourrice

402 629 680 59 Qui les nourrist iournellem̃t sãs cesse:

401 677 606 55 Et a le laict empoisonne de uice,

402 722 681 61 Dicte en son nom la uenimeuse messe.

439 770 577 56 Croire ie ueul, ⁊ cela est certain,

402 816 664 57 Que si leurs faictz de uerite estoyent,

407 862 650 58 Ilz ne seroyent si ententifz au gaing,

400 907 687 57 Et leͬs abus si hault pris ne uẽdroyẽt.

396 954 692 57 Les biẽs de dieu poͬ neãt ilz dõneroyẽt

402 1000 683 56 Car Christ leur a pour neãt abandõne:

396 1046 691 54 Comme Simon Magus nestimeroyẽt

404 1092 683 58 Que don de Dieu soit poͬ largẽt dõne.

442 1140 601 56 Croire ie ueul quil y a purgatoire

399 1186 686 57 Au sang de Christ, ⁊ non en autre part:

400 1233 619 56 Et toutefois le pape faict accroire

402 1276 662 60 Quil en est un en quelque lieu a part,

400 1324 687 62 Ce qui est faulx, car quãd lame depart

399 1370 579 68 De nostre corps, pour resolution

997 1413 78 67 Son

256 211 137 57 Mat.10.

264 267 89 64 ⁊.24.

260 942 129 72 Mat.10.

257 1046 132 93 Actes.8.
