1136 1670
302 179 45 59 22

593 167 204 59 Confession

427 215 537 66 Croire ie ueul pour resolution

387 269 656 56 En la saincte doctrine euangelique:

387 310 552 63 Car la dedens gist la saluation

387 359 578 60 des Chrestiens, ⁊ repos deifique.

389 402 565 60 Cest le repas ⁊ uiande mistique

390 449 685 60 Que noꝰ deuõs mãger ꝙ̈d aurõs faim

405 492 672 67 A la gouster dõques chascun sapplique

405 544 669 61 Lhomme ne uit pas seulemẽt du pain.

405 585 665 66 Lhõme ne uit pas seulemẽt du pain

405 630 575 67 Mais en esprit il uit de la parolle

393 680 639 62 Qui est de Dieu/ ce repas souuerain

388 727 639 58 Abbat le corps, ⁊ les ames console.

400 775 677 59 Fy du gros pain q̃ nous gaste ⁊ affolle

391 822 659 58 Qui na nul goust, ny aucune saueur.

390 866 689 61 Quãt a mon ame, elle prẽt uie au rolle

387 913 688 60 Du bon Iesus mõ pere ⁊ redempteur.

437 959 636 61 O bon Iesus, mõ pere ⁊ redẽpteur/

388 1005 502 59 Des desolez la consolation:

388 1051 687 57 A toy ie uiẽs humblemẽt de bon coeur

388 1097 657 60 Dessoubz ta foy en uraye contrition:

391 1143 564 59 Te suppliant par ma confession

388 1190 637 58 Laquelle iay de ta parolle extraicte.

387 1237 657 57 Uueille octroyer a mon ame pardon,

387 1282 686 63 Et du uil corps, ta uolunte soit faicte.

645 1328 175 72 Ainsi soit

709 1375 40 85 il.

247 538 138 72 math.4.

247 598 138 68 math.4.

903 1415 163 61 Oraison
