1065 1670
715 150 46 58 15

313 152 186 56 de la Foy.

32 190 659 67 En un seul lieu, leq̃l est sur les cieulx:

33 247 561 59 Et de ce lieu il ne doibt desloger,

43 295 667 53 Iusques a ce quil nous uiendra iuger.

34 339 673 62 Doncq̃s ce corps, qͥ dñe es lieux haulx,

36 385 675 61 Par les humais ne se peut pas mãger

35 435 677 54 Ne si cruement cõsumer par morceaux.

73 480 637 56 Croire ie ueul en ce sainct sacrement

32 522 617 62 Sil estoit faict ainsi que le faisoient

31 571 628 57 Les apostres ⁊ non pas autrement:

31 617 683 59 Qui bien souuẽt ce sacre pain rõpoient

31 665 682 54 Uniz en coeurs, puis le cõmuniquoyẽt

33 711 596 56 En uiue foy ouurant par charite,

30 750 678 65 Tous assemblez selon dieu ilz uiuoyẽt

29 798 644 56 Cõmuns en biens, en paix, ⁊ unite.

65 847 646 57 Croire ie ueul que puis q̃ noꝰ auons

37 893 642 57 Par Iesus christ de salut asseurance,

33 937 679 59 Dõc en luy seul maintenãt noꝰ deuõs

31 985 649 56 Auoir recours. Car si par inconstance

32 1030 650 56 Nous bataillons, contre la conscience,

39 1076 646 59 (Apres auoir Iesus christ confesse:)

35 1122 676 59 Il ne noꝰ est (croyõs le sans doubtãce)

36 1169 496 58 Pour le peche sacrifice laisse.

72 1212 635 59 Croire ie ueul (cela noꝰ est certain)

33 1258 675 61 Que par Iesus noꝰ sõmes toꝰ sauuez.

34 1308 534 55 Son sacrifice a este souuerain,

35 1349 674 73 Dedãs son sang noz pechez son lauez.

716 199 81 61 Act3.

716 747 83 61 Act.2.

594 1394 120 62 Cõme

706 1044 138 56 He 6 ⁊ 10

718 1088 124 81 2.Pier.2
