<?xml version="1.0" encoding="UTF-8"?>
<alto xmlns:xsi="http://www.w3.org/2001/XMLSchema-instance"
      xmlns="http://www.loc.gov/standards/alto/ns-v4#"
      xsi:schemaLocation="http://www.loc.gov/standards/alto/ns-v4# http://www.loc.gov/standards/alto/v4/alto-4-2.xsd">
  <Description>
    <MeasurementUnit>pixel</MeasurementUnit>
    <sourceImageInformation>
      <fileName>CRRJM08.pdf_page_26.png</fileName>
      <fileIdentifier>pdf//CRRJM08.pdf</fileIdentifier>
    </sourceImageInformation>
  </Description>
  <Tags>
    <OtherTag ID="BT7" LABEL="CustomZone" DESCRIPTION="block type CustomZone"/><OtherTag ID="BT8" LABEL="DamageZone" DESCRIPTION="block type DamageZone"/><OtherTag ID="BT9" LABEL="DigitizationArtefactZone" DESCRIPTION="block type DigitizationArtefactZone"/><OtherTag ID="BT10" LABEL="DropCapitalZone" DESCRIPTION="block type DropCapitalZone"/><OtherTag ID="BT11" LABEL="GraphicZone" DESCRIPTION="block type GraphicZone"/><OtherTag ID="BT12" LABEL="MainZone" DESCRIPTION="block type MainZone"/><OtherTag ID="BT13" LABEL="MarginTextZone" DESCRIPTION="block type MarginTextZone"/><OtherTag ID="BT14" LABEL="MusicZone" DESCRIPTION="block type MusicZone"/><OtherTag ID="BT15" LABEL="NumberingZone" DESCRIPTION="block type NumberingZone"/><OtherTag ID="BT17" LABEL="QuireMarksZone" DESCRIPTION="block type QuireMarksZone"/><OtherTag ID="BT18" LABEL="RunningTitleZone" DESCRIPTION="block type RunningTitleZone"/><OtherTag ID="BT19" LABEL="SealZone" DESCRIPTION="block type SealZone"/><OtherTag ID="BT20" LABEL="StampZone" DESCRIPTION="block type StampZone"/><OtherTag ID="BT21" LABEL="TableZone" DESCRIPTION="block type TableZone"/><OtherTag ID="BT22" LABEL="TitlePageZone" DESCRIPTION="block type TitlePageZone"/>
    <OtherTag ID="LT7" LABEL="CustomLine" DESCRIPTION="line type CustomLine"/><OtherTag ID="LT8" LABEL="DefaultLine" DESCRIPTION="line type DefaultLine"/><OtherTag ID="LT9" LABEL="DropCapitalLine" DESCRIPTION="line type DropCapitalLine"/><OtherTag ID="LT10" LABEL="HeadingLine" DESCRIPTION="line type HeadingLine"/><OtherTag ID="LT11" LABEL="InterlinearLine" DESCRIPTION="line type InterlinearLine"/><OtherTag ID="LT12" LABEL="MusicLine" DESCRIPTION="line type MusicLine"/><OtherTag ID="LT1257" LABEL="default" DESCRIPTION="line type default"/>
  </Tags>
  <Layout>
    <Page WIDTH="1136"
          HEIGHT="1670"
          PHYSICAL_IMG_NR="25"
          ID="eSc_dummypage_">
      <PrintSpace HPOS="0"
                  VPOS="0"
                  WIDTH="1136"
                  HEIGHT="1670">
        <TextBlock HPOS="316"
                   VPOS="139"
                   WIDTH="95"
                   HEIGHT="70"
                   ID="eSc_textblock_3e69781a"
                   TAGREFS="BT15">
          <Shape><Polygon POINTS="316 139 316 209 411 209 411 139"/></Shape>
          <TextLine ID="eSc_line_d21777be"
                    TAGREFS="LT8"
                    BASELINE="335 185 398 183" 
                    HPOS="334"
                    VPOS="142"
                    WIDTH="64"
                    HEIGHT="67">
            <Shape><Polygon POINTS="379 142 378 142 377 142 377 143 368 153 334 155 335 185 335 209 354 203 397 206 398 183 396 144 380 142 379 142"/></Shape>
            <String CONTENT="26"
                    HPOS="334"
                    VPOS="142"
                    WIDTH="64"
                    HEIGHT="67"
                    WC="0.9999824166297913"></String>
          </TextLine>
        </TextBlock>
        <TextBlock HPOS="623"
                   VPOS="127"
                   WIDTH="236"
                   HEIGHT="74"
                   ID="eSc_textblock_3d542e09"
                   TAGREFS="BT18">
          <Shape><Polygon POINTS="623 127 623 201 859 201 859 127"/></Shape>
          <TextLine ID="eSc_line_6f59d802"
                    TAGREFS="LT10"
                    BASELINE="633 185 839 183" 
                    HPOS="632"
                    VPOS="141"
                    WIDTH="207"
                    HEIGHT="65">
            <Shape><Polygon POINTS="837 149 832 148 799 148 790 141 790 141 781 141 772 141 762 141 753 141 749 141 746 143 741 141 735 141 725 141 700 149 681 149 672 141 670 141 660 141 652 141 632 149 633 185 634 205 652 201 688 201 694 205 694 206 695 206 696 206 697 206 747 202 788 205 789 205 790 205 791 205 800 200 826 205 826 205 827 205 839 198 839 183 838 149 837 149"/></Shape>
            <String CONTENT="Confession"
                    HPOS="632"
                    VPOS="141"
                    WIDTH="207"
                    HEIGHT="65"
                    WC="0.9999935746192932"></String>
          </TextLine>
        </TextBlock>
        <TextBlock HPOS="393"
                   VPOS="190"
                   WIDTH="725"
                   HEIGHT="1236"
                   ID="eSc_textblock_6d69c27a"
                   TAGREFS="BT12">
          <Shape><Polygon POINTS="393 1426 395 202 1112 190 1118 1408"/></Shape>
          <TextLine ID="eSc_line_96066dc9"
                    TAGREFS="LT8"
                    BASELINE="404 244 645 241 1087 244" 
                    HPOS="404"
                    VPOS="199"
                    WIDTH="683"
                    HEIGHT="59">
            <Shape><Polygon POINTS="1081 209 1077 207 1046 207 1040 203 1034 203 1025 203 1018 202 984 206 950 201 942 201 941 201 931 206 921 200 920 200 919 200 918 200 917 200 916 200 905 207 881 207 868 200 867 200 800 200 799 200 798 200 772 206 758 199 757 199 756 199 709 206 612 206 604 199 603 199 602 199 575 199 574 199 573 199 555 205 535 199 534 199 533 199 532 199 522 205 516 201 516 201 515 201 514 201 469 205 446 199 445 199 404 199 404 244 404 256 436 250 485 256 486 256 487 256 504 251 568 256 569 256 570 256 571 256 580 251 604 251 611 257 612 257 613 257 614 258 652 258 652 257 653 257 654 257 664 251 697 257 698 257 728 252 784 258 785 258 864 252 899 257 900 257 901 257 919 253 933 258 934 258 935 258 936 258 937 258 947 252 998 252 1008 258 1009 258 1010 258 1011 258 1086 256 1087 244 1086 211 1081 209"/></Shape>
            <String CONTENT="Dont le Seigneur de sa bonte benigne"
                    HPOS="404"
                    VPOS="199"
                    WIDTH="683"
                    HEIGHT="59"
                    WC="0.9998924533526102"></String>
          </TextLine>
          <TextLine ID="eSc_line_d1b91be6"
                    TAGREFS="LT8"
                    BASELINE="403 290 988 286" 
                    HPOS="402"
                    VPOS="248"
                    WIDTH="586"
                    HEIGHT="60">
            <Shape><Polygon POINTS="403 290 403 304 441 299 449 305 450 305 451 305 451 305 452 305 472 299 481 308 482 308 483 308 484 308 485 308 499 301 509 308 510 308 511 308 512 308 513 308 514 308 528 299 547 308 548 308 549 308 568 307 569 307 570 307 581 298 624 298 635 307 636 307 637 307 638 308 695 308 695 307 696 307 733 297 762 305 763 305 764 305 765 305 790 297 799 304 799 305 800 305 800 305 838 306 839 306 839 306 862 296 884 296 906 305 907 305 908 306 955 306 955 305 956 305 988 295 988 286 986 256 941 256 931 249 930 249 929 249 929 249 928 249 927 249 920 253 916 249 916 248 915 248 914 248 913 248 814 256 769 249 768 249 767 249 766 249 757 257 694 257 621 250 620 250 575 256 550 250 549 250 548 250 502 258 420 251 419 251 418 251 402 258 403 290"/></Shape>
            <String CONTENT="Sanctifia du repos le iour digne"
                    HPOS="402"
                    VPOS="248"
                    WIDTH="586"
                    HEIGHT="60"
                    WC="0.9978467747569084"></String>
          </TextLine>
          <TextLine ID="eSc_line_905fb06f"
                    TAGREFS="LT8"
                    BASELINE="403 338 565 334 1045 335" 
                    HPOS="402"
                    VPOS="295"
                    WIDTH="643"
                    HEIGHT="53">
            <Shape><Polygon POINTS="443 295 464 304 497 297 498 297 572 303 590 295 592 295 649 303 703 303 713 296 717 296 738 305 809 305 847 297 848 297 921 304 948 297 950 297 1045 302 1045 335 1044 348 403 346 402 295"/></Shape>
            <String CONTENT="Honneur feras a ton pere, ⁊ ta mere,"
                    HPOS="402"
                    VPOS="295"
                    WIDTH="643"
                    HEIGHT="53"
                    WC="0.9920526279343499"></String>
          </TextLine>
          <TextLine ID="eSc_line_fcb9fa9c"
                    TAGREFS="LT8"
                    BASELINE="405 384 593 379 1089 381" 
                    HPOS="405"
                    VPOS="342"
                    WIDTH="684"
                    HEIGHT="56">
            <Shape><Polygon POINTS="1087 349 1007 349 994 342 993 342 992 342 991 342 990 342 980 348 954 342 953 342 952 342 884 347 838 342 837 342 836 342 813 348 789 342 788 342 787 342 787 342 765 347 743 342 742 342 741 342 740 342 713 348 684 342 684 342 651 348 643 342 642 342 641 342 610 342 609 342 608 342 607 342 598 348 555 343 554 343 553 343 536 349 461 349 452 342 451 342 451 342 423 342 422 342 421 342 405 347 405 384 405 395 431 390 460 397 461 397 500 396 501 396 513 390 553 390 563 397 564 397 565 397 566 397 567 397 589 390 645 397 645 398 710 398 710 397 711 397 712 397 722 390 743 397 744 397 745 398 812 398 812 397 813 397 839 390 877 397 878 397 933 390 972 390 981 397 981 397 982 397 983 398 1038 398 1038 397 1039 397 1059 390 1087 393 1089 381 1088 349 1087 349"/></Shape>
            <String CONTENT="Si que tes ioͬs loing de la mort amere"
                    HPOS="405"
                    VPOS="342"
                    WIDTH="684"
                    HEIGHT="56"
                    WC="0.9990431509519878"></String>
          </TextLine>
          <TextLine ID="eSc_line_f23b7246"
                    TAGREFS="LT8"
                    BASELINE="403 430 569 426 1086 427" 
                    HPOS="402"
                    VPOS="387"
                    WIDTH="684"
                    HEIGHT="53">
            <Shape><Polygon POINTS="403 430 403 440 1085 437 1086 427 1085 395 991 395 980 387 979 387 978 387 977 387 945 393 939 387 938 387 937 387 936 387 908 392 901 388 900 388 899 388 898 388 874 394 836 388 835 388 809 394 793 387 792 387 791 387 754 393 718 387 717 387 716 387 715 387 706 395 613 395 605 387 604 387 603 387 559 387 558 387 557 387 544 394 510 388 509 388 402 390 403 430"/></Shape>
            <String CONTENT="Soiẽt prolongez sur la terre tãt bonne,"
                    HPOS="402"
                    VPOS="387"
                    WIDTH="684"
                    HEIGHT="53"
                    ></String>
          </TextLine>
          <TextLine ID="eSc_line_d3be4c9f"
                    TAGREFS="LT8"
                    BASELINE="405 475 1088 473" 
                    HPOS="404"
                    VPOS="433"
                    WIDTH="684"
                    HEIGHT="59">
            <Shape><Polygon POINTS="405 475 405 486 526 491 527 491 528 491 543 486 551 491 552 491 553 491 554 492 602 492 602 491 633 485 663 490 664 491 738 491 738 490 739 490 758 485 803 490 804 490 805 490 819 485 852 489 853 489 854 489 855 489 862 485 926 489 927 489 1028 485 1034 489 1035 489 1036 489 1037 490 1087 490 1088 473 1086 441 1044 441 1033 433 1032 433 1032 433 1031 433 1030 433 1006 441 890 441 864 433 863 433 862 433 818 441 737 434 736 434 651 438 633 434 632 434 632 434 631 434 605 443 583 443 568 435 568 435 567 435 566 435 536 442 528 435 527 435 526 435 506 435 505 435 504 435 480 442 427 435 426 435 426 435 404 443 405 475"/></Shape>
            <String CONTENT="Que le seigñr tõ Dieu te liure ⁊ dõne."
                    HPOS="404"
                    VPOS="433"
                    WIDTH="684"
                    HEIGHT="59"
                    WC="0.996352460326218"></String>
          </TextLine>
          <TextLine ID="eSc_line_fdb0064b"
                    TAGREFS="LT8"
                    BASELINE="403 518 1088 520" 
                    HPOS="403"
                    VPOS="481"
                    WIDTH="685"
                    HEIGHT="58">
            <Shape><Polygon POINTS="417 481 418 481 448 487 481 481 483 481 499 487 516 482 519 482 529 487 566 482 567 482 595 487 605 481 608 481 627 487 661 483 662 483 759 488 766 482 769 482 808 488 826 482 853 482 861 488 943 482 944 482 1087 487 1088 520 1087 533 1035 539 1033 539 1012 531 939 531 910 539 907 539 884 532 866 538 864 538 843 533 837 539 805 539 780 531 693 538 691 538 676 531 670 537 667 537 619 530 591 537 590 537 554 530 544 538 542 538 542 539 451 539 450 538 449 538 437 531 428 538 426 538 426 539 403 539 403 484"/></Shape>
            <String CONTENT="Point nocciras. 7. Ne feras adultere."
                    HPOS="403"
                    VPOS="481"
                    WIDTH="685"
                    HEIGHT="58"
                    WC="0.9982843576250849"></String>
          </TextLine>
          <TextLine ID="eSc_line_ce3b088f"
                    TAGREFS="LT8"
                    BASELINE="403 568 1087 565" 
                    HPOS="403"
                    VPOS="526"
                    WIDTH="684"
                    HEIGHT="58">
            <Shape><Polygon POINTS="417 537 440 528 442 528 503 536 525 530 526 530 586 528 589 528 594 533 602 527 605 527 629 532 642 527 645 527 662 536 705 536 749 533 757 526 802 526 813 535 846 535 872 526 874 526 948 533 974 526 976 526 1085 534 1087 565 1086 581 1063 582 1060 582 1053 577 945 582 944 582 907 577 889 583 886 583 868 578 797 583 796 583 733 578 712 584 710 584 403 580 403 537"/></Shape>
            <String CONTENT="Larron ne sois. 9. Et encõtre tõ frere."
                    HPOS="403"
                    VPOS="526"
                    WIDTH="684"
                    HEIGHT="58"
                    WC="0.9916252697386393"></String>
          </TextLine>
          <TextLine ID="eSc_line_09294f5a"
                    TAGREFS="LT8"
                    BASELINE="406 615 1090 611" 
                    HPOS="405"
                    VPOS="573"
                    WIDTH="685"
                    HEIGHT="61">
            <Shape><Polygon POINTS="406 615 406 624 459 634 460 634 490 629 506 634 507 634 508 634 509 634 510 634 516 629 551 634 552 634 553 634 588 624 691 624 707 633 708 633 709 633 710 633 771 632 772 632 773 632 787 623 821 632 822 632 823 633 917 633 917 632 980 631 981 631 1000 622 1053 631 1054 631 1055 631 1090 620 1090 611 1088 580 918 580 904 573 903 573 903 573 846 579 832 573 831 573 830 573 797 579 776 573 775 573 774 573 713 578 681 574 680 574 679 574 653 580 630 575 629 575 628 575 586 581 574 575 573 575 572 575 571 575 570 575 560 582 517 575 477 575 476 575 475 575 474 575 464 581 438 575 438 575 437 575 405 578 406 615"/></Shape>
            <String CONTENT="Ne dis iamais aucũ faulx tesmoignage"
                    HPOS="405"
                    VPOS="573"
                    WIDTH="685"
                    HEIGHT="61"
                    ></String>
          </TextLine>
          <TextLine ID="eSc_line_33b7ebb4"
                    TAGREFS="LT8"
                    BASELINE="405 659 1086 657" 
                    HPOS="405"
                    VPOS="620"
                    WIDTH="681"
                    HEIGHT="60">
            <Shape><Polygon POINTS="408 621 445 621 462 629 492 622 494 622 515 629 568 624 570 624 586 629 604 621 606 621 628 627 644 621 645 621 677 629 688 621 692 621 713 628 793 620 794 620 835 629 869 629 878 621 882 621 897 629 937 629 1036 620 1037 620 1084 629 1086 657 1084 678 720 674 707 679 706 679 706 680 405 680 405 622"/></Shape>
            <String CONTENT="De ton ꝓchain l◊ maison ou mesnage"
                    HPOS="405"
                    VPOS="620"
                    WIDTH="681"
                    HEIGHT="60"
                    ></String>
          </TextLine>
          <TextLine ID="eSc_line_acffe758"
                    TAGREFS="LT8"
                    BASELINE="401 707 577 704 968 705" 
                    HPOS="400"
                    VPOS="668"
                    WIDTH="568"
                    HEIGHT="55">
            <Shape><Polygon POINTS="401 707 401 718 445 716 455 722 456 722 457 722 458 722 504 716 515 722 516 722 516 722 517 723 543 723 543 722 544 722 558 716 563 720 563 721 564 721 565 721 601 722 602 722 638 716 653 722 654 722 655 722 689 716 697 722 698 722 699 722 700 722 701 722 713 718 720 722 721 722 722 722 722 723 853 723 853 722 854 722 877 716 894 722 895 722 896 722 897 722 912 716 920 722 921 722 922 722 923 722 968 721 968 705 967 674 940 668 939 668 887 674 870 668 869 668 868 668 840 674 767 669 766 669 765 669 764 669 758 675 700 675 695 669 695 668 694 668 693 668 692 668 691 668 674 674 658 668 657 668 612 668 611 668 610 668 597 675 503 675 487 668 486 668 485 668 484 668 483 668 474 674 448 668 447 668 400 672 401 707"/></Shape>
            <String CONTENT="Aucunement tu ne conuoiteras,"
                    HPOS="400"
                    VPOS="668"
                    WIDTH="568"
                    HEIGHT="55"
                    WC="0.9811536854711073"></String>
          </TextLine>
          <TextLine ID="eSc_line_3ec6995f"
                    TAGREFS="LT8"
                    BASELINE="405 754 556 750 1032 750" 
                    HPOS="404"
                    VPOS="711"
                    WIDTH="628"
                    HEIGHT="59">
            <Shape><Polygon POINTS="405 754 406 768 425 761 483 769 484 769 526 761 558 761 575 769 576 769 577 770 598 770 598 769 599 769 600 769 600 768 606 762 614 768 615 768 616 768 617 768 618 768 629 764 680 769 681 769 682 769 697 761 712 769 713 769 714 769 715 769 716 769 725 761 736 761 745 768 745 769 746 769 747 769 748 769 817 760 852 760 868 768 869 768 870 769 903 769 903 768 903 768 904 768 915 760 942 766 943 766 968 760 977 768 978 768 979 768 980 768 981 768 994 760 1008 768 1009 768 1010 768 1032 765 1032 750 1032 719 967 714 966 714 932 719 914 711 913 711 912 711 911 711 890 719 858 711 857 711 814 719 769 719 761 713 760 713 759 713 758 713 718 719 689 712 688 712 661 712 660 712 659 712 641 720 558 720 537 713 536 713 535 713 534 713 520 719 508 712 507 712 506 712 475 719 451 712 450 712 449 712 404 716 405 754"/></Shape>
            <String CONTENT="Sa femme aussi point ne desireras,"
                    HPOS="404"
                    VPOS="711"
                    WIDTH="628"
                    HEIGHT="59"
                    WC="0.9953184583607841"></String>
          </TextLine>
          <TextLine ID="eSc_line_ebe3ec9a"
                    TAGREFS="LT8"
                    BASELINE="404 800 557 796 1079 798" 
                    HPOS="403"
                    VPOS="757"
                    WIDTH="676"
                    HEIGHT="59">
            <Shape><Polygon POINTS="404 800 403 813 459 814 460 814 493 807 507 815 508 815 509 815 510 816 562 816 562 815 563 815 564 815 574 807 669 807 688 815 689 815 690 816 737 816 737 815 738 815 758 807 807 807 846 814 847 814 848 814 849 814 861 807 973 807 987 815 988 815 989 815 990 816 1078 816 1079 798 1078 763 991 757 990 757 989 757 988 757 978 767 947 767 934 757 933 757 932 757 914 757 913 757 912 757 911 757 904 764 839 766 810 757 809 757 808 757 756 764 735 757 734 757 733 757 732 757 717 764 697 757 697 757 696 757 695 757 694 757 684 767 650 767 632 758 632 758 631 758 630 758 629 758 619 767 534 767 525 758 524 758 523 758 522 758 481 766 472 758 471 758 470 758 423 757 422 757 421 757 404 765 404 800"/></Shape>
            <String CONTENT="Sõ asne, ou beuf, seruãte, ou seruãt seͬ,"
                    HPOS="403"
                    VPOS="757"
                    WIDTH="676"
                    HEIGHT="59"
                    ></String>
          </TextLine>
          <TextLine ID="eSc_line_1c324754"
                    TAGREFS="LT8"
                    BASELINE="403 848 579 843 1043 844" 
                    HPOS="402"
                    VPOS="802"
                    WIDTH="641"
                    HEIGHT="64">
            <Shape><Polygon POINTS="403 865 432 860 441 865 442 865 443 865 444 866 521 866 521 865 522 865 543 857 602 857 632 864 633 864 668 859 683 865 684 865 685 865 707 857 789 862 790 862 829 856 857 864 858 864 859 864 886 859 976 864 977 864 978 864 1001 856 1013 862 1014 862 1042 863 1043 844 1042 812 1008 806 1007 806 1006 806 983 811 971 802 970 802 969 802 968 802 942 807 904 802 903 802 880 811 828 803 771 803 770 803 769 803 749 812 740 808 739 808 738 808 702 812 669 803 668 803 667 803 620 812 587 803 586 803 585 803 505 812 402 808 403 848"/></Shape>
            <String CONTENT="Ny autre bien, dont il soit possesseur."
                    HPOS="402"
                    VPOS="802"
                    WIDTH="641"
                    HEIGHT="64"
                    WC="0.9980354813429025"></String>
          </TextLine>
          <TextLine ID="eSc_line_a628d5d4"
                    TAGREFS="LT10"
                    BASELINE="523 891 958 889" 
                    HPOS="522"
                    VPOS="851"
                    WIDTH="436"
                    HEIGHT="60">
            <Shape><Polygon POINTS="524 911 536 904 565 910 566 910 567 910 568 910 580 900 652 900 665 909 666 909 667 909 668 909 720 900 757 908 758 908 759 908 760 908 774 899 793 899 810 909 811 909 812 909 813 910 916 910 916 909 957 899 958 889 955 857 837 858 828 851 827 851 826 851 825 851 809 856 799 851 798 851 797 851 796 851 795 851 795 852 787 859 767 859 740 851 739 851 738 851 737 851 715 860 628 860 606 852 545 852 544 852 543 852 522 859 523 891"/></Shape>
            <String CONTENT="¶ Somme des dix com¬"
                    HPOS="522"
                    VPOS="851"
                    WIDTH="436"
                    HEIGHT="60"
                    WC="0.9791889667510987"></String>
          </TextLine>
          <TextLine ID="eSc_line_6699334e"
                    TAGREFS="LT10"
                    BASELINE="611 936 865 936" 
                    HPOS="611"
                    VPOS="899"
                    WIDTH="254"
                    HEIGHT="56">
            <Shape><Polygon POINTS="611 948 650 948 657 953 657 954 658 954 659 954 683 950 689 954 690 954 691 954 692 955 810 955 810 954 811 954 812 954 818 950 864 953 865 936 865 908 842 902 841 902 840 902 791 906 774 899 773 899 772 899 771 899 751 908 735 899 734 899 703 899 702 899 701 899 680 908 632 900 631 900 630 900 611 908 611 936"/></Shape>
            <String CONTENT="mandemens."
                    HPOS="611"
                    VPOS="899"
                    WIDTH="254"
                    HEIGHT="56"
                    WC="0.9998319029808045"></String>
          </TextLine>
          <TextLine ID="eSc_line_3f87dc14"
                    TAGREFS="LT8"
                    BASELINE="450 984 981 984" 
                    HPOS="450"
                    VPOS="939"
                    WIDTH="531"
                    HEIGHT="63">
            <Shape><Polygon POINTS="450 984 450 1002 505 995 603 995 614 1002 615 1002 616 1002 617 1002 650 995 665 995 671 1001 671 1002 672 1002 673 1002 674 1002 756 1002 756 1002 757 1002 772 995 803 1002 804 1002 805 1002 826 995 858 1001 859 1001 891 997 981 1002 981 984 981 951 970 951 955 939 954 939 953 939 904 939 903 939 903 939 902 939 889 951 859 951 847 943 846 943 845 943 844 943 843 943 817 950 798 945 797 945 796 945 750 950 737 945 736 945 735 945 735 945 734 945 727 950 684 942 683 942 682 942 663 949 645 941 644 941 643 941 642 941 641 941 626 950 596 942 595 942 594 942 593 942 570 950 532 945 531 945 530 945 514 950 503 940 503 939 502 939 501 939 500 939 450 943 450 984"/></Shape>
            <String CONTENT="Saincte escripture te propose,"
                    HPOS="450"
                    VPOS="939"
                    WIDTH="531"
                    HEIGHT="63"
                    WC="0.9930605908234914"></String>
          </TextLine>
          <TextLine ID="eSc_line_d80056d7"
                    TAGREFS="LT8"
                    BASELINE="406 1031 623 1027 962 1030" 
                    HPOS="405"
                    VPOS="987"
                    WIDTH="557"
                    HEIGHT="60">
            <Shape><Polygon POINTS="406 1015 406 1031 405 1042 580 1046 580 1046 581 1046 582 1046 591 1040 619 1046 620 1046 621 1046 622 1046 631 1040 713 1040 727 1046 728 1046 729 1047 758 1047 758 1046 759 1046 760 1046 760 1045 765 1040 818 1046 819 1046 820 1046 821 1046 821 1045 828 1040 864 1040 877 1046 877 1046 878 1046 908 1040 916 1046 916 1046 917 1046 918 1046 919 1046 939 1041 960 1044 962 1030 961 998 889 989 888 989 887 989 863 997 853 989 853 988 852 988 852 988 851 988 797 996 775 987 774 987 774 987 773 987 744 996 711 992 710 992 621 997 609 988 608 988 607 988 606 988 606 988 591 994 538 987 537 987 536 987 505 998 462 998 449 987 448 987 447 987 407 987 406 1015"/></Shape>
            <String CONTENT="Si tu ueulx accomplir la Loy,"
                    HPOS="405"
                    VPOS="987"
                    WIDTH="557"
                    HEIGHT="60"
                    WC="0.9998294649452999"></String>
          </TextLine>
          <TextLine ID="eSc_line_eeee7b7c"
                    TAGREFS="LT8"
                    BASELINE="407 1078 1017 1076" 
                    HPOS="406"
                    VPOS="1035"
                    WIDTH="611"
                    HEIGHT="61">
            <Shape><Polygon POINTS="1014 1042 994 1035 993 1035 992 1035 867 1042 763 1035 762 1035 710 1043 690 1036 689 1036 648 1036 647 1036 646 1036 645 1036 636 1043 601 1037 600 1037 554 1043 540 1037 539 1037 538 1037 537 1037 536 1037 527 1044 473 1044 463 1037 462 1037 461 1037 413 1036 412 1036 411 1036 410 1036 410 1037 409 1037 406 1040 407 1078 407 1091 451 1088 459 1093 459 1094 460 1094 461 1094 462 1094 513 1089 547 1095 548 1095 549 1095 564 1088 614 1088 634 1095 635 1095 671 1096 671 1096 672 1096 690 1087 722 1087 750 1095 751 1095 752 1096 816 1096 816 1095 860 1087 873 1095 874 1095 875 1095 876 1095 1017 1093 1017 1076 1016 1046 1014 1042"/></Shape>
            <String CONTENT="Daymer ton Dieu sur toute chose,"
                    HPOS="406"
                    VPOS="1035"
                    WIDTH="611"
                    HEIGHT="61"
                    WC="0.9986540041863918"></String>
          </TextLine>
          <TextLine ID="eSc_line_f8a80ffc"
                    TAGREFS="LT8"
                    BASELINE="407 1126 643 1120 954 1121" 
                    HPOS="406"
                    VPOS="1082"
                    WIDTH="548"
                    HEIGHT="60">
            <Shape><Polygon POINTS="407 1126 407 1142 448 1140 449 1140 450 1140 450 1139 455 1134 481 1134 489 1141 489 1142 490 1142 490 1142 491 1142 566 1139 567 1139 568 1139 568 1138 573 1133 649 1133 658 1140 658 1141 658 1141 659 1141 660 1141 712 1132 730 1132 737 1139 737 1140 738 1140 739 1140 740 1140 741 1140 763 1133 783 1140 784 1140 785 1140 844 1137 845 1137 846 1137 852 1131 870 1138 871 1138 872 1138 873 1138 884 1133 912 1139 913 1139 953 1135 954 1121 953 1091 869 1085 868 1085 837 1090 823 1084 822 1084 821 1084 820 1084 807 1091 754 1091 727 1082 726 1082 725 1082 681 1091 660 1085 659 1085 658 1085 630 1091 607 1083 606 1083 606 1083 605 1083 604 1083 604 1084 595 1091 557 1083 556 1083 555 1083 535 1089 529 1084 528 1084 527 1084 526 1084 479 1085 478 1085 477 1085 471 1090 425 1084 424 1084 423 1084 406 1092 407 1126"/></Shape>
            <String CONTENT="Et un chascun autant que toy."
                    HPOS="406"
                    VPOS="1082"
                    WIDTH="548"
                    HEIGHT="60"
                    ></String>
          </TextLine>
          <TextLine ID="eSc_line_4690821a"
                    TAGREFS="LT10"
                    BASELINE="546 1169 959 1169" 
                    HPOS="546"
                    VPOS="1129"
                    WIDTH="413"
                    HEIGHT="60">
            <Shape><Polygon POINTS="546 1185 580 1180 632 1180 653 1188 654 1188 655 1189 676 1189 676 1188 677 1188 678 1188 678 1187 686 1180 708 1180 722 1188 723 1188 724 1188 725 1189 754 1189 754 1188 755 1188 756 1188 756 1187 764 1180 805 1188 806 1189 832 1189 832 1188 833 1188 834 1188 845 1181 874 1188 875 1188 876 1188 928 1180 948 1188 949 1188 950 1188 951 1188 959 1184 959 1169 959 1136 949 1131 948 1131 947 1131 946 1131 936 1137 803 1137 772 1135 765 1129 764 1129 763 1129 762 1129 761 1129 748 1136 716 1129 715 1129 677 1137 647 1137 632 1129 631 1129 546 1134 546 1169"/></Shape>
            <String CONTENT="¶ Benediction deuant"
                    HPOS="546"
                    VPOS="1129"
                    WIDTH="413"
                    HEIGHT="60"
                    WC="0.9999474138021469"></String>
          </TextLine>
          <TextLine ID="eSc_line_449f53fd"
                    TAGREFS="LT10"
                    BASELINE="667 1213 844 1213" 
                    HPOS="667"
                    VPOS="1181"
                    WIDTH="177"
                    HEIGHT="50">
            <Shape><Polygon POINTS="667 1221 710 1230 711 1230 712 1230 732 1222 755 1230 756 1230 757 1231 781 1231 781 1230 782 1230 783 1230 791 1223 821 1230 822 1230 823 1230 844 1221 844 1213 843 1181 667 1183 667 1213"/></Shape>
            <String CONTENT="manger."
                    HPOS="667"
                    VPOS="1181"
                    WIDTH="177"
                    HEIGHT="50"
                    WC="0.9999409658568246"></String>
          </TextLine>
          <TextLine ID="eSc_line_1a6a14b8"
                    TAGREFS="LT8"
                    BASELINE="451 1260 998 1262" 
                    HPOS="450"
                    VPOS="1216"
                    WIDTH="548"
                    HEIGHT="65">
            <Shape><Polygon POINTS="994 1218 904 1218 903 1218 903 1218 884 1228 735 1228 726 1220 726 1219 725 1219 724 1219 723 1219 722 1219 722 1219 722 1220 717 1223 667 1220 666 1220 639 1226 624 1219 623 1219 583 1217 582 1217 581 1217 580 1217 580 1218 571 1227 552 1227 543 1219 543 1218 542 1218 542 1218 541 1218 540 1218 511 1225 503 1218 502 1218 501 1218 500 1218 499 1218 478 1223 451 1216 451 1260 450 1271 473 1279 474 1279 475 1280 545 1280 545 1279 546 1279 547 1279 547 1278 555 1271 588 1271 598 1277 599 1277 600 1277 706 1279 707 1279 708 1279 709 1279 709 1278 712 1274 727 1280 728 1280 729 1280 730 1280 750 1272 799 1272 813 1280 814 1280 815 1281 847 1281 847 1280 848 1280 863 1272 879 1279 880 1279 881 1279 882 1279 890 1275 913 1280 914 1280 915 1280 930 1273 946 1279 947 1279 948 1279 949 1279 968 1272 995 1280 998 1262 998 1222 994 1218"/></Shape>
            <String CONTENT="Nostre bon Pere tout puissant,"
                    HPOS="450"
                    VPOS="1216"
                    WIDTH="548"
                    HEIGHT="65"
                    WC="0.9868960857391358"></String>
          </TextLine>
          <TextLine ID="eSc_line_d4ee0076"
                    TAGREFS="LT8"
                    BASELINE="408 1309 913 1305" 
                    HPOS="407"
                    VPOS="1268"
                    WIDTH="506"
                    HEIGHT="57">
            <Shape><Polygon POINTS="408 1309 408 1322 472 1316 489 1324 490 1324 490 1325 531 1325 531 1324 532 1324 533 1324 533 1323 534 1323 539 1318 550 1323 551 1323 552 1323 603 1315 615 1323 616 1323 617 1323 618 1323 619 1323 619 1323 630 1314 660 1314 717 1314 731 1323 732 1323 733 1323 734 1323 786 1323 786 1323 787 1323 787 1323 798 1315 865 1322 866 1322 913 1311 913 1305 911 1276 820 1271 819 1271 774 1275 745 1268 744 1268 743 1268 742 1268 741 1268 729 1276 721 1271 720 1271 719 1271 673 1269 672 1269 671 1269 642 1277 610 1271 609 1271 608 1271 585 1277 568 1269 568 1269 567 1269 502 1278 493 1271 493 1270 492 1270 491 1270 490 1270 490 1270 474 1275 457 1270 456 1270 455 1270 407 1270 408 1309"/></Shape>
            <String CONTENT="Qui gouuernes ta creature:"
                    HPOS="407"
                    VPOS="1268"
                    WIDTH="506"
                    HEIGHT="57"
                    WC="0.9872901921088879"></String>
          </TextLine>
          <TextLine ID="eSc_line_cad127d6"
                    TAGREFS="LT8"
                    BASELINE="410 1353 978 1353" 
                    HPOS="410"
                    VPOS="1315"
                    WIDTH="568"
                    HEIGHT="55">
            <Shape><Polygon POINTS="410 1353 410 1369 451 1362 478 1367 479 1367 480 1367 492 1362 534 1367 535 1367 579 1362 594 1370 595 1370 596 1370 597 1370 617 1362 645 1370 646 1370 647 1370 859 1362 866 1369 866 1370 867 1370 868 1370 869 1370 929 1363 977 1370 978 1353 978 1321 931 1315 930 1315 929 1315 913 1322 903 1315 902 1315 901 1315 869 1315 868 1315 830 1322 799 1315 798 1315 797 1315 796 1315 789 1321 760 1315 759 1315 724 1323 671 1323 656 1316 655 1316 654 1316 653 1316 652 1316 643 1323 468 1323 462 1316 462 1315 461 1315 460 1315 432 1315 431 1315 430 1315 410 1322 410 1353"/></Shape>
            <String CONTENT="Ouure ta main nous benissant,"
                    HPOS="410"
                    VPOS="1315"
                    WIDTH="568"
                    HEIGHT="55"
                    WC="0.9979885528827536"></String>
          </TextLine>
          <TextLine ID="eSc_line_1e518f9d"
                    TAGREFS="LT8"
                    BASELINE="403 1398 1000 1400" 
                    HPOS="402"
                    VPOS="1360"
                    WIDTH="598"
                    HEIGHT="71">
            <Shape><Polygon POINTS="403 1398 402 1427 453 1416 548 1429 549 1429 623 1428 624 1428 648 1416 668 1416 684 1424 685 1424 686 1424 687 1424 698 1419 725 1430 726 1430 727 1431 763 1431 763 1430 764 1430 787 1422 812 1430 813 1430 813 1431 883 1431 883 1430 884 1430 885 1430 885 1429 892 1424 897 1427 898 1427 899 1427 900 1427 901 1427 928 1417 999 1417 1000 1400 999 1369 900 1361 899 1361 898 1361 897 1361 885 1369 826 1369 788 1361 787 1361 787 1361 770 1369 742 1369 697 1360 697 1360 696 1360 675 1368 618 1368 594 1360 593 1360 538 1360 537 1360 536 1360 535 1360 524 1368 500 1368 478 1360 477 1360 427 1360 426 1360 426 1360 403 1366 403 1398"/></Shape>
            <String CONTENT="Pour sobrement prendre pasture."
                    HPOS="402"
                    VPOS="1360"
                    WIDTH="598"
                    HEIGHT="71"
                    WC="0.9995396521783644"></String>
          </TextLine>
        </TextBlock>
        <TextBlock HPOS="930"
                   VPOS="1402"
                   WIDTH="177"
                   HEIGHT="79"
                   ID="eSc_textblock_2ccb3953"
                   TAGREFS="BT17">
          <Shape><Polygon POINTS="930 1402 930 1481 1107 1481 1107 1402"/></Shape>
          <TextLine ID="eSc_line_03cdddd1"
                    TAGREFS="LT8"
                    BASELINE="948 1449 1089 1446" 
                    HPOS="946"
                    VPOS="1407"
                    WIDTH="143"
                    HEIGHT="59">
            <Shape><Polygon POINTS="1086 1415 1077 1413 1069 1411 946 1407 948 1449 948 1461 965 1466 966 1466 967 1466 968 1466 995 1458 1030 1458 1037 1464 1037 1465 1038 1465 1039 1465 1040 1465 1089 1461 1089 1446 1087 1415 1086 1415"/></Shape>
            <String CONTENT="Donne"
                    HPOS="946"
                    VPOS="1407"
                    WIDTH="143"
                    HEIGHT="59"
                    WC="0.9999984741210938"></String>
          </TextLine>
        </TextBlock>
        <TextBlock HPOS="314"
                   VPOS="290"
                   WIDTH="85"
                   HEIGHT="395"
                   ID="eSc_textblock_497a11ad"
                   TAGREFS="BT13">
          <Shape><Polygon POINTS="314 290 320 685 399 683 395 296"/></Shape>
          <TextLine ID="eSc_line_de77cffc"
                    TAGREFS="LT8"
                    BASELINE="358 339 389 338" 
                    HPOS="357"
                    VPOS="295"
                    WIDTH="32"
                    HEIGHT="51">
            <Shape><Polygon POINTS="358 339 357 295 388 295 389 346 358 346"/></Shape>
            <String CONTENT="5"
                    HPOS="357"
                    VPOS="295"
                    WIDTH="32"
                    HEIGHT="51"
                    ></String>
          </TextLine>
          <TextLine ID="eSc_line_a784a50f"
                    TAGREFS="LT8"
                    BASELINE="356 518 397 518" 
                    HPOS="355"
                    VPOS="480"
                    WIDTH="42"
                    HEIGHT="59">
            <Shape><Polygon POINTS="356 482 358 480 389 487 397 485 397 539 394 539 393 538 355 528 356 518"/></Shape>
            <String CONTENT="6"
                    HPOS="355"
                    VPOS="480"
                    WIDTH="42"
                    HEIGHT="59"
                    WC="1.0"></String>
          </TextLine>
          <TextLine ID="eSc_line_1a14885d"
                    TAGREFS="LT8"
                    BASELINE="355 568 397 568" 
                    HPOS="354"
                    VPOS="528"
                    WIDTH="43"
                    HEIGHT="52">
            <Shape><Polygon POINTS="355 568 354 533 383 528 386 528 396 537 397 537 397 580 355 579"/></Shape>
            <String CONTENT="8"
                    HPOS="354"
                    VPOS="528"
                    WIDTH="43"
                    HEIGHT="52"
                    WC="0.9999986886978149"></String>
          </TextLine>
          <TextLine ID="eSc_line_885ba84c"
                    TAGREFS="LT8"
                    BASELINE="328 659 379 659" 
                    HPOS="327"
                    VPOS="621"
                    WIDTH="52"
                    HEIGHT="59">
            <Shape><Polygon POINTS="328 659 327 621 364 621 379 627 379 680 328 680"/></Shape>
            <String CONTENT="10"
                    HPOS="327"
                    VPOS="621"
                    WIDTH="52"
                    HEIGHT="59"
                    WC="0.9999995231628418"></String>
          </TextLine>
        </TextBlock>
      </PrintSpace>
    </Page>
  </Layout>
</alto>
