1065 1670
765 150 43 60 5

345 144 160 65 Epistre.

77 196 685 71 herbes ont boully. Aussi, q̃ si en uoyant

78 248 683 64 ceste petite oeuure, uoꝰ y trouuez quel¬

77 295 688 60 que chose deffectueuse tant au sens que

77 339 682 68 en la rime: uoꝰ uueillez supporter lim¬

80 385 677 68 perfection ⁊ foiblesse de mon sens, la ru

72 436 686 62 desse du langaige maternel, ⁊ corriger

71 478 685 64 les faultes. De sorte, que le tout soit a

70 523 683 67 lhõneur ⁊ gloire du Seigneur, a laug¬

72 572 681 64 mentation de la foy, ⁊ edification du

72 619 679 65 prochain. La paix de Iesus Christ no¬

168 668 488 58 stre Sauueur soit auec noꝰ.

297 715 225 58 Ainsi soit il.

247 850 330 64 Psalme. 115.

129 941 578 66 Seigneur, non pas a nous non

197 993 418 59 pas a nous mais a ton

246 1037 329 62 nom dõne gloire ⁊

319 1089 174 67 honneur.

540 1173 201 65 A 3 De
