1136 1670
337 151 56 70 28

621 152 206 58 Confession

401 204 565 57 A messeigneurs les theologiens

404 251 602 61 Sorbonisez, ueulx enuoyer offrir.

406 298 628 60 Et sil leur plaist laccepter ⁊ louurir,

412 346 634 60 Ilz trouueront que ie uiz ⁊ me tiens

630 390 234 60 En ceste foy.

643 436 214 57 ¶ Balade.

438 483 640 65 Sur la chaiere de Moseh le ꝓphete,

404 529 562 61 La sest assis leglise contrefaicte:

413 577 636 58 Pharisiens, ⁊ scribes y sont plantez,

406 625 678 56 Qui noꝰ ont tãt, par leur sciẽce infecte/

409 670 636 57 Par leurs abus, ⁊ malheureuse secte

403 718 650 55 Charge le doz, de leurs faiz inuentez,

407 765 679 57 Que les humains ꝑ ces meschãs tẽtez

406 811 657 57 Ont delaisse la uoye du sainct esprit:

405 855 679 60 Et simples gens, tellement enchantez,

404 901 654 58 Que les esleuz sont de dire enhortez/

405 949 682 56 Malheur sur uous, qͥ persecutez Christ.

446 994 643 59 Malheͬ sur uoꝰ, faulse beste ĩꝑfaicte

410 1042 679 57 Qui tout le mõde empoisõne ⁊ alaicte

406 1087 666 58 De lord poison, qui sort de uoz costez.

404 1136 679 57 Malheur sur uoꝰ, qͥ la mãne parfaicte

406 1181 683 59 Que Iesꝰ christ ꝑ sa mort noꝰ a faicte

405 1228 622 57 Auez cachee, ⁊ mise soubz les piedz.

405 1273 681 60 Malheur sur uoꝰ, qͥ dans un feu iettez

408 1319 577 59 La uerite, encor ne uous suffist,

409 1366 625 72 Les chrestiens aussi uous y mettez,

275 483 120 66 Mat3.

975 1414 112 56 Et de

261 1064 128 49 Apoc.19.
