<?xml version="1.0" encoding="UTF-8"?>
<alto xmlns:xsi="http://www.w3.org/2001/XMLSchema-instance"
      xmlns="http://www.loc.gov/standards/alto/ns-v4#"
      xsi:schemaLocation="http://www.loc.gov/standards/alto/ns-v4# http://www.loc.gov/standards/alto/v4/alto-4-2.xsd">
  <Description>
    <MeasurementUnit>pixel</MeasurementUnit>
    <sourceImageInformation>
      <fileName>CRRJM08.pdf_page_21.png</fileName>
      <fileIdentifier>pdf//CRRJM08.pdf</fileIdentifier>
    </sourceImageInformation>
  </Description>
  <Tags>
    <OtherTag ID="BT7" LABEL="CustomZone" DESCRIPTION="block type CustomZone"/><OtherTag ID="BT8" LABEL="DamageZone" DESCRIPTION="block type DamageZone"/><OtherTag ID="BT9" LABEL="DigitizationArtefactZone" DESCRIPTION="block type DigitizationArtefactZone"/><OtherTag ID="BT10" LABEL="DropCapitalZone" DESCRIPTION="block type DropCapitalZone"/><OtherTag ID="BT11" LABEL="GraphicZone" DESCRIPTION="block type GraphicZone"/><OtherTag ID="BT12" LABEL="MainZone" DESCRIPTION="block type MainZone"/><OtherTag ID="BT13" LABEL="MarginTextZone" DESCRIPTION="block type MarginTextZone"/><OtherTag ID="BT14" LABEL="MusicZone" DESCRIPTION="block type MusicZone"/><OtherTag ID="BT15" LABEL="NumberingZone" DESCRIPTION="block type NumberingZone"/><OtherTag ID="BT17" LABEL="QuireMarksZone" DESCRIPTION="block type QuireMarksZone"/><OtherTag ID="BT18" LABEL="RunningTitleZone" DESCRIPTION="block type RunningTitleZone"/><OtherTag ID="BT19" LABEL="SealZone" DESCRIPTION="block type SealZone"/><OtherTag ID="BT20" LABEL="StampZone" DESCRIPTION="block type StampZone"/><OtherTag ID="BT21" LABEL="TableZone" DESCRIPTION="block type TableZone"/><OtherTag ID="BT22" LABEL="TitlePageZone" DESCRIPTION="block type TitlePageZone"/>
    <OtherTag ID="LT7" LABEL="CustomLine" DESCRIPTION="line type CustomLine"/><OtherTag ID="LT8" LABEL="DefaultLine" DESCRIPTION="line type DefaultLine"/><OtherTag ID="LT9" LABEL="DropCapitalLine" DESCRIPTION="line type DropCapitalLine"/><OtherTag ID="LT10" LABEL="HeadingLine" DESCRIPTION="line type HeadingLine"/><OtherTag ID="LT11" LABEL="InterlinearLine" DESCRIPTION="line type InterlinearLine"/><OtherTag ID="LT12" LABEL="MusicLine" DESCRIPTION="line type MusicLine"/><OtherTag ID="LT1257" LABEL="default" DESCRIPTION="line type default"/>
  </Tags>
  <Layout>
    <Page WIDTH="1065"
          HEIGHT="1670"
          PHYSICAL_IMG_NR="20"
          ID="eSc_dummypage_">
      <PrintSpace HPOS="0"
                  VPOS="0"
                  WIDTH="1065"
                  HEIGHT="1670">
        <TextBlock HPOS="744"
                   VPOS="172"
                   WIDTH="81"
                   HEIGHT="56"
                   ID="eSc_textblock_4c0db807"
                   TAGREFS="BT15">
          <Shape><Polygon POINTS="744 172 744 228 825 228 825 172"/></Shape>
          <TextLine ID="eSc_line_0e5af586"
                    TAGREFS="LT8"
                    BASELINE="757 205 805 204" 
                    HPOS="755"
                    VPOS="168"
                    WIDTH="50"
                    HEIGHT="53">
            <Shape><Polygon POINTS="802 171 792 169 791 168 755 172 755 173 757 205 757 221 805 221 805 204 805 198 802 171"/></Shape>
            <String CONTENT="21"
                    HPOS="755"
                    VPOS="168"
                    WIDTH="50"
                    HEIGHT="53"
                    ></String>
          </TextLine>
        </TextBlock>
        <TextBlock HPOS="304"
                   VPOS="145"
                   WIDTH="238"
                   HEIGHT="70"
                   ID="eSc_textblock_d924ab6b"
                   TAGREFS="BT18">
          <Shape><Polygon POINTS="304 145 304 209 542 215 533 145"/></Shape>
          <TextLine ID="eSc_line_ded607bb"
                    TAGREFS="LT10"
                    BASELINE="324 199 519 199" 
                    HPOS="324"
                    VPOS="159"
                    WIDTH="195"
                    HEIGHT="59">
            <Shape><Polygon POINTS="506 169 474 169 465 162 463 162 454 161 449 161 433 167 422 161 416 161 407 160 398 160 389 160 378 167 362 159 361 159 360 159 359 159 358 159 358 160 353 164 339 159 333 159 324 164 324 199 324 207 328 211 329 211 330 211 331 211 383 206 411 217 412 217 413 218 441 218 441 217 442 217 457 206 469 217 470 217 471 217 472 218 497 218 497 217 498 217 519 205 519 199 513 177 509 173"/></Shape>
            <String CONTENT="de la Foy."
                    HPOS="324"
                    VPOS="159"
                    WIDTH="195"
                    HEIGHT="59"
                    ></String>
          </TextLine>
        </TextBlock>
        <TextBlock HPOS="42"
                   VPOS="209"
                   WIDTH="717"
                   HEIGHT="1214"
                   ID="eSc_textblock_ee8ff1e1"
                   TAGREFS="BT12">
          <Shape><Polygon POINTS="42 1423 48 209 715 218 750 479 750 887 728 898 733 974 759 1419"/></Shape>
          <TextLine ID="eSc_line_14f5cec9"
                    TAGREFS="LT8"
                    BASELINE="56 251 671 255" 
                    HPOS="55"
                    VPOS="208"
                    WIDTH="616"
                    HEIGHT="61">
            <Shape><Polygon POINTS="669 224 664 218 649 211 649 211 648 211 647 211 620 219 578 211 577 211 576 211 575 211 566 217 541 212 540 212 539 212 518 219 464 210 463 210 462 210 443 218 393 218 386 214 385 214 384 214 383 214 382 214 381 214 381 215 376 218 324 209 302 209 301 209 300 209 299 209 289 218 261 218 253 211 253 210 252 210 251 210 250 210 249 210 248 210 248 211 240 218 213 218 187 208 186 208 185 208 184 208 151 217 116 217 107 209 107 208 106 208 105 208 104 208 63 208 56 212 56 251 55 262 344 267 345 267 346 267 355 262 375 268 376 268 376 268 410 263 483 268 484 268 485 268 501 263 520 269 521 269 522 269 670 263 671 255 671 228 669 224"/></Shape>
            <String CONTENT="Son chemin est sans aller a lescart:"
                    HPOS="55"
                    VPOS="208"
                    WIDTH="616"
                    HEIGHT="61"
                    WC="0.9928563286860784"></String>
          </TextLine>
          <TextLine ID="eSc_line_89f2efb6"
                    TAGREFS="LT8"
                    BASELINE="57 297 568 300" 
                    HPOS="56"
                    VPOS="257"
                    WIDTH="512"
                    HEIGHT="54">
            <Shape><Polygon POINTS="57 297 56 308 566 311 568 300 567 270 532 270 516 259 515 259 514 259 463 259 462 259 461 259 460 259 452 267 437 262 436 262 435 262 434 262 433 262 433 263 426 269 372 269 352 259 351 259 350 259 350 259 328 269 241 266 229 257 228 257 227 257 181 257 180 257 179 257 178 257 178 258 172 263 156 258 155 258 155 258 154 258 153 258 142 268 123 257 122 257 121 257 57 262 57 297"/></Shape>
            <String CONTENT="Ou a salut ou a damnation."
                    HPOS="56"
                    VPOS="257"
                    WIDTH="512"
                    HEIGHT="54"
                    WC="0.9969490078779367"></String>
          </TextLine>
          <TextLine ID="eSc_line_889583ec"
                    TAGREFS="LT8"
                    BASELINE="92 341 705 348" 
                    HPOS="91"
                    VPOS="299"
                    WIDTH="614"
                    HEIGHT="65">
            <Shape><Polygon POINTS="92 341 91 350 105 358 106 358 107 358 108 358 109 358 116 352 175 352 183 359 184 359 185 359 186 359 214 353 252 359 253 359 254 359 266 354 317 354 341 360 342 360 419 361 420 361 467 356 490 362 491 362 552 363 553 363 554 363 555 363 560 359 629 364 630 364 704 358 705 348 705 315 668 307 667 307 666 307 649 314 628 305 627 305 597 305 596 305 595 305 594 305 582 313 512 306 511 306 510 306 497 312 476 303 475 303 474 303 473 303 453 311 441 303 440 303 439 303 438 303 437 303 420 311 385 311 374 302 373 302 372 302 324 302 323 302 322 302 300 308 285 301 285 301 284 301 178 308 118 299 117 299 116 299 116 299 105 308 92 308 92 341"/></Shape>
            <String CONTENT="Croire ie ueul que la uierge Marie"
                    HPOS="91"
                    VPOS="299"
                    WIDTH="614"
                    HEIGHT="65"
                    WC="0.9872333758017596"></String>
          </TextLine>
          <TextLine ID="eSc_line_65399e31"
                    TAGREFS="LT8"
                    BASELINE="53 389 645 394" 
                    HPOS="52"
                    VPOS="346"
                    WIDTH="593"
                    HEIGHT="64">
            <Shape><Polygon POINTS="53 389 52 403 148 399 187 407 188 407 189 407 190 407 190 406 197 400 219 400 232 407 233 407 233 407 234 407 251 400 272 407 273 407 274 407 306 401 314 408 315 408 316 408 317 408 350 402 358 408 359 408 360 408 361 409 391 409 391 408 392 408 408 401 446 409 447 409 448 409 470 403 479 409 480 409 480 409 481 409 532 403 539 408 540 408 541 408 542 408 543 408 550 404 627 410 628 410 629 410 644 402 645 394 643 359 538 359 514 352 513 352 512 352 511 352 510 352 510 353 504 359 457 359 415 351 415 351 315 358 290 347 289 347 288 347 287 347 260 354 209 347 208 347 207 347 207 347 192 357 172 346 171 346 112 346 111 346 110 346 109 346 109 347 103 352 74 346 73 346 72 346 53 355 53 389"/></Shape>
            <String CONTENT="Est un uaisseau sacre ⁊ precieux:"
                    HPOS="52"
                    VPOS="346"
                    WIDTH="593"
                    HEIGHT="64"
                    WC="0.9905696276462439"></String>
          </TextLine>
          <TextLine ID="eSc_line_ffae2a2c"
                    TAGREFS="LT8"
                    BASELINE="53 436 582 440" 
                    HPOS="52"
                    VPOS="396"
                    WIDTH="530"
                    HEIGHT="59">
            <Shape><Polygon POINTS="53 436 52 444 90 451 91 451 157 445 196 452 197 452 337 447 344 452 344 453 345 453 346 453 347 453 379 449 388 454 389 454 389 454 390 454 391 454 405 449 422 454 423 454 424 454 425 454 435 449 442 454 443 454 444 454 476 455 477 455 581 448 582 440 582 409 551 399 550 399 549 399 548 399 532 408 505 399 504 399 503 399 502 399 481 408 414 403 413 403 412 403 411 403 407 406 400 400 399 400 398 400 397 400 396 400 371 407 365 402 364 402 363 402 363 402 336 406 330 401 330 400 329 400 328 400 327 400 308 403 294 398 293 398 292 398 291 398 276 403 266 397 265 397 264 397 263 397 262 397 236 405 228 398 228 397 227 397 226 397 192 397 191 397 190 397 189 397 189 398 181 404 168 397 167 397 166 397 165 397 164 397 155 404 123 398 122 398 121 398 109 404 102 397 102 396 101 396 100 396 70 396 69 396 68 396 53 403 53 436"/></Shape>
            <String CONTENT="Qui a este fort aymee ⁊ cherie"
                    HPOS="52"
                    VPOS="396"
                    WIDTH="530"
                    HEIGHT="59"
                    WC="0.9986330846945445"></String>
          </TextLine>
          <TextLine ID="eSc_line_6ca18bde"
                    TAGREFS="LT8"
                    BASELINE="57 480 731 488" 
                    HPOS="57"
                    VPOS="440"
                    WIDTH="674"
                    HEIGHT="65">
            <Shape><Polygon POINTS="729 453 702 448 701 448 680 452 670 445 669 445 668 445 647 444 579 444 578 444 577 444 567 449 523 443 522 443 521 443 505 452 479 452 465 445 464 445 463 445 462 445 447 450 396 449 387 442 386 442 385 442 384 442 383 442 362 448 331 444 330 444 329 444 316 449 285 440 284 440 283 440 282 440 262 449 223 440 222 440 221 440 196 447 176 440 175 440 143 440 142 440 142 440 141 440 130 447 57 441 57 480 57 498 111 491 143 499 144 499 184 493 201 500 202 500 203 500 204 500 225 492 254 497 255 497 324 495 332 501 333 501 334 501 335 502 385 502 385 501 386 501 400 495 408 502 409 502 410 502 411 502 436 497 458 502 459 502 460 502 461 502 479 496 507 503 508 503 509 503 510 503 529 496 567 504 568 504 602 497 678 497 690 505 691 505 692 505 693 505 730 502 731 488 730 454 729 453"/></Shape>
            <String CONTENT="Par Iesus Christ son cher filz gratieux"
                    HPOS="57"
                    VPOS="440"
                    WIDTH="674"
                    HEIGHT="65"
                    WC="0.9987658308102534"></String>
          </TextLine>
          <TextLine ID="eSc_line_ad51ed7e"
                    TAGREFS="LT8"
                    BASELINE="53 527 671 530" 
                    HPOS="53"
                    VPOS="488"
                    WIDTH="618"
                    HEIGHT="58">
            <Shape><Polygon POINTS="53 527 53 541 116 538 155 544 155 544 156 544 157 544 168 538 258 538 275 545 276 545 277 545 352 539 465 546 466 546 670 542 671 530 670 492 610 490 610 490 609 490 582 501 541 491 540 491 539 491 510 501 473 501 465 495 464 495 463 495 462 495 461 495 451 501 277 501 258 488 257 488 256 488 227 488 226 488 225 488 204 499 191 488 190 488 189 488 162 488 161 488 160 488 159 488 142 499 120 488 119 488 75 488 74 488 73 488 53 498 53 527"/></Shape>
            <String CONTENT="Et a uoulu former corps glorieux"
                    HPOS="53"
                    VPOS="488"
                    WIDTH="618"
                    HEIGHT="58"
                    WC="0.984931830316782"></String>
          </TextLine>
          <TextLine ID="eSc_line_1a95b21a"
                    TAGREFS="LT8"
                    BASELINE="54 576 736 578" 
                    HPOS="53"
                    VPOS="534"
                    WIDTH="683"
                    HEIGHT="58">
            <Shape><Polygon POINTS="54 576 53 584 96 590 97 590 98 590 116 586 186 590 187 590 247 586 282 591 283 591 318 587 327 591 328 591 329 591 506 587 520 592 521 592 522 592 523 592 524 592 531 588 550 592 551 592 552 592 668 588 734 592 736 578 736 544 718 536 717 536 716 536 715 536 699 543 543 536 542 536 541 536 513 543 506 537 506 536 505 536 504 536 503 536 461 541 452 535 451 535 450 535 449 535 404 539 374 535 373 535 372 535 357 543 332 543 317 535 316 535 315 535 290 539 266 534 265 534 264 534 246 542 223 542 211 534 210 534 209 534 208 534 207 534 190 541 175 534 174 534 173 534 108 539 54 535 54 576"/></Shape>
            <String CONTENT="Dedãs ses flãs, elle est dõc biẽheureuse"
                    HPOS="53"
                    VPOS="534"
                    WIDTH="683"
                    HEIGHT="58"
                    ></String>
          </TextLine>
          <TextLine ID="eSc_line_7ca5bc62"
                    TAGREFS="LT8"
                    BASELINE="60 620 731 625" 
                    HPOS="60"
                    VPOS="579"
                    WIDTH="671"
                    HEIGHT="63">
            <Shape><Polygon POINTS="60 620 60 637 118 631 136 638 137 638 138 638 139 638 157 633 186 638 187 638 188 638 205 632 214 639 215 639 216 639 217 640 246 640 246 639 279 632 300 639 301 639 302 639 303 639 322 632 329 638 330 638 331 638 332 638 374 633 408 640 409 641 440 641 440 640 441 640 441 640 441 639 449 633 488 633 498 641 499 641 500 641 501 641 552 634 597 642 598 642 630 635 729 640 731 625 730 588 650 584 649 584 612 590 565 583 564 583 563 583 562 583 554 590 516 584 515 584 514 584 502 590 467 590 459 583 459 582 458 582 457 582 456 582 428 588 408 582 407 582 406 582 405 582 392 590 342 590 326 581 325 581 324 581 265 582 264 582 263 582 258 587 230 581 229 581 194 588 184 581 183 581 182 581 181 581 150 585 128 580 127 580 126 580 105 587 60 579 60 620"/></Shape>
            <String CONTENT="Puis q̃ a p̃sẽt sõ ame est es haultz cieulx"
                    HPOS="60"
                    VPOS="579"
                    WIDTH="671"
                    HEIGHT="63"
                    ></String>
          </TextLine>
          <TextLine ID="eSc_line_381663ba"
                    TAGREFS="LT8"
                    BASELINE="55 666 701 671" 
                    HPOS="54"
                    VPOS="628"
                    WIDTH="647"
                    HEIGHT="56">
            <Shape><Polygon POINTS="55 666 54 678 700 684 701 671 701 642 684 642 674 632 673 632 672 632 654 632 653 632 652 632 651 632 638 641 627 632 626 632 625 632 624 632 604 636 595 631 594 631 546 631 545 631 545 631 524 640 494 635 493 635 493 635 492 635 486 640 464 631 463 631 462 631 461 631 460 631 448 640 417 640 409 632 408 632 407 632 406 632 391 635 379 629 378 629 377 629 328 630 327 630 309 638 248 638 237 629 236 629 235 629 234 629 233 629 214 638 177 638 165 628 164 628 163 628 162 628 161 628 139 636 110 636 99 628 98 628 97 628 96 628 55 630 55 666"/></Shape>
            <String CONTENT="Auecque luy, tressaincte ⁊ glorieuse."
                    HPOS="54"
                    VPOS="628"
                    WIDTH="647"
                    HEIGHT="56"
                    WC="0.9980921616425386"></String>
          </TextLine>
          <TextLine ID="eSc_line_9b51622b"
                    TAGREFS="LT8"
                    BASELINE="92 714 733 717" 
                    HPOS="91"
                    VPOS="673"
                    WIDTH="642"
                    HEIGHT="59">
            <Shape><Polygon POINTS="92 714 91 725 116 730 116 730 117 730 129 723 157 729 158 729 182 725 188 730 189 730 190 730 191 730 263 723 270 729 271 729 272 729 272 729 273 729 284 724 297 730 298 730 375 731 376 731 376 731 377 731 385 726 393 731 394 731 395 731 396 731 397 731 402 726 408 731 409 731 410 731 411 731 412 731 413 731 413 730 420 724 482 724 519 732 520 732 554 725 596 732 597 732 597 732 616 727 630 732 631 732 632 732 666 732 666 732 667 732 668 732 678 725 709 732 710 732 732 727 733 717 733 683 687 675 686 675 624 680 610 675 609 675 608 675 607 675 606 675 597 682 493 682 485 675 485 674 484 674 483 674 427 674 426 674 425 674 410 681 401 676 400 676 399 676 398 676 397 676 373 681 332 675 331 675 330 675 308 681 285 673 284 673 283 673 282 673 261 680 233 673 232 673 197 673 196 673 195 673 194 673 189 678 185 675 184 675 183 675 182 675 181 675 181 675 174 681 142 681 128 673 127 673 126 673 92 679 92 714"/></Shape>
            <String CONTENT="Croire ie ueul q̃ toꝰ urays chrestiẽs"
                    HPOS="91"
                    VPOS="673"
                    WIDTH="642"
                    HEIGHT="59"
                    WC="0.9951062029913852"></String>
          </TextLine>
          <TextLine ID="eSc_line_0d96bc5a"
                    TAGREFS="LT8"
                    BASELINE="54 763 646 760" 
                    HPOS="53"
                    VPOS="718"
                    WIDTH="593"
                    HEIGHT="61">
            <Shape><Polygon POINTS="54 763 55 779 80 772 177 777 178 777 218 772 242 779 243 779 244 779 245 779 246 779 246 778 253 771 271 778 272 778 272 778 273 778 286 771 325 771 341 778 342 778 343 779 363 779 363 778 364 778 365 778 374 771 417 778 418 778 444 773 467 777 468 777 469 777 470 777 470 776 478 770 503 777 504 777 505 778 623 778 623 777 624 777 646 770 646 760 644 728 582 728 576 722 575 722 574 722 573 722 572 722 571 722 564 727 544 718 543 718 542 718 541 718 540 718 529 728 503 728 484 719 483 719 482 719 481 719 453 726 438 719 437 719 436 719 435 719 413 725 403 719 402 719 402 719 401 719 400 719 399 719 394 723 384 719 383 719 382 719 381 719 380 719 368 728 351 723 350 723 350 723 321 728 312 721 312 720 311 720 311 720 287 719 286 719 285 719 270 726 256 719 255 719 254 719 220 719 220 719 182 730 153 730 144 723 143 723 142 723 142 723 116 727 100 719 99 719 98 719 53 722 54 763"/></Shape>
            <String CONTENT="Qui ont uescu en la foy de Iesus"
                    HPOS="53"
                    VPOS="718"
                    WIDTH="593"
                    HEIGHT="61"
                    WC="0.9991709850728512"></String>
          </TextLine>
          <TextLine ID="eSc_line_d791ff7b"
                    TAGREFS="LT8"
                    BASELINE="54 806 662 808" 
                    HPOS="54"
                    VPOS="767"
                    WIDTH="608"
                    HEIGHT="58">
            <Shape><Polygon POINTS="54 806 55 822 74 816 121 816 132 823 133 823 134 823 135 823 169 816 196 821 197 821 230 816 254 823 255 823 256 823 257 823 272 816 308 823 309 823 310 823 311 823 321 816 346 816 363 824 363 824 364 825 384 825 384 824 385 824 386 824 386 823 393 818 421 824 422 825 498 825 498 824 499 824 521 817 579 824 580 824 581 824 582 824 590 817 607 824 608 824 609 824 662 816 662 808 661 768 624 769 623 769 623 769 614 775 571 768 570 768 569 768 545 775 496 768 480 768 480 768 479 768 478 768 469 775 445 768 444 768 443 768 442 768 421 775 392 768 391 768 390 768 389 768 361 775 330 767 329 767 328 767 293 768 292 768 291 768 283 775 265 775 254 767 253 767 252 767 251 767 203 775 152 775 143 768 143 767 142 767 142 767 141 767 54 770 54 806"/></Shape>
            <String CONTENT="Et qͥ nont point nye chose es lyens"
                    HPOS="54"
                    VPOS="767"
                    WIDTH="608"
                    HEIGHT="58"
                    WC="0.9910492215837751"></String>
          </TextLine>
          <TextLine ID="eSc_line_830d7554"
                    TAGREFS="LT8"
                    BASELINE="52 854 729 857" 
                    HPOS="52"
                    VPOS="811"
                    WIDTH="677"
                    HEIGHT="62">
            <Shape><Polygon POINTS="52 854 52 865 145 865 157 871 158 871 159 872 216 872 216 871 217 871 218 871 224 866 233 871 233 871 234 871 235 871 256 865 268 871 269 871 270 871 314 865 389 872 389 872 390 872 411 865 417 871 417 872 418 872 419 872 420 872 421 872 441 867 447 872 448 872 449 872 506 873 507 873 548 866 600 873 601 873 728 865 729 857 729 822 719 817 718 817 717 817 716 817 704 822 684 813 683 813 682 813 566 822 525 813 524 813 523 813 522 813 515 820 479 821 462 812 461 812 460 812 459 812 441 822 356 822 340 813 339 813 338 813 303 817 274 811 273 811 272 811 250 820 239 811 238 811 237 811 194 811 194 811 193 811 172 820 155 811 155 811 154 811 153 811 126 820 80 811 79 811 78 811 77 811 67 820 52 820 52 854"/></Shape>
            <String CONTENT="Quilz sont sauluez en sa gloire lassus."
                    HPOS="52"
                    VPOS="811"
                    WIDTH="677"
                    HEIGHT="62"
                    WC="0.9971544452202625"></String>
          </TextLine>
          <TextLine ID="eSc_line_2b53f2b4"
                    TAGREFS="LT8"
                    BASELINE="52 899 715 900" 
                    HPOS="51"
                    VPOS="860"
                    WIDTH="664"
                    HEIGHT="56">
            <Shape><Polygon POINTS="52 899 51 906 93 914 94 914 142 908 175 912 176 912 177 912 187 908 204 914 205 914 206 914 257 910 349 914 350 914 384 908 442 915 443 916 508 916 508 915 509 915 523 909 545 909 552 914 552 915 553 915 554 915 555 915 556 915 573 910 595 915 596 915 597 915 642 910 689 914 690 914 691 914 714 908 715 900 714 870 655 862 654 862 653 862 631 869 622 862 621 862 620 862 619 862 618 862 609 867 563 862 562 862 525 870 424 870 417 863 416 863 415 863 415 863 414 863 413 863 407 869 365 869 359 863 358 863 357 863 356 863 321 868 276 861 275 861 274 861 249 868 242 862 241 862 240 862 239 862 179 867 156 861 155 861 52 860 52 899"/></Shape>
            <String CONTENT="Mais entendez, ie dictz encores, plus"
                    HPOS="51"
                    VPOS="860"
                    WIDTH="664"
                    HEIGHT="56"
                    WC="0.9954921103812553"></String>
          </TextLine>
          <TextLine ID="eSc_line_5d165231"
                    TAGREFS="LT8"
                    BASELINE="54 948 671 946 726 943" 
                    HPOS="51"
                    VPOS="901"
                    WIDTH="674"
                    HEIGHT="60">
            <Shape><Polygon POINTS="52 947 52 960 722 961 725 942 721 908 448 908 439 901 438 901 437 901 380 901 378 901 332 910 139 903 137 903 105 910 72 903 71 903 69 903 51 910 52 947"/></Shape>
            <String CONTENT="Quõ uoit le tẽps q̃ hõmes toꝰ pleĩs de"
                    HPOS="51"
                    VPOS="901"
                    WIDTH="674"
                    HEIGHT="60"
                    WC="0.987068065575191"></String>
          </TextLine>
          <TextLine ID="eSc_line_d4945bf8"
                    TAGREFS="LT8"
                    BASELINE="626 992 731 992" 
                    HPOS="625"
                    VPOS="949"
                    WIDTH="105"
                    HEIGHT="64">
            <Shape><Polygon POINTS="625 990 625 1013 730 1013 730 990 730 957 654 949 652 949 651 949 625 956 625 990"/></Shape>
            <String CONTENT="(uice"
                    HPOS="625"
                    VPOS="949"
                    WIDTH="105"
                    HEIGHT="64"
                    WC="0.9999719619750976"></String>
          </TextLine>
          <TextLine ID="eSc_line_758ca6e5"
                    TAGREFS="LT8"
                    BASELINE="54 994 619 992" 
                    HPOS="51"
                    VPOS="947"
                    WIDTH="567"
                    HEIGHT="64">
            <Shape><Polygon POINTS="52 993 52 1007 133 1003 213 1011 214 1011 282 1003 295 1011 296 1011 297 1011 299 1011 300 1011 328 1003 367 1010 368 1010 370 1010 391 1002 402 1008 403 1008 405 1008 406 1008 471 1003 478 1008 478 1010 480 1010 481 1010 483 1011 590 1011 590 1010 591 1010 618 1000 618 990 615 957 484 957 476 949 476 947 474 947 473 947 471 947 470 947 437 956 51 951 52 993"/></Shape>
            <String CONTENT="Les chrestiẽs fõt mourir ꝑ abuz"
                    HPOS="51"
                    VPOS="947"
                    WIDTH="567"
                    HEIGHT="64"
                    WC="0.9886508511774468"></String>
          </TextLine>
          <TextLine ID="eSc_line_18c18728"
                    TAGREFS="LT8"
                    BASELINE="59 1038 735 1040" 
                    HPOS="59"
                    VPOS="999"
                    WIDTH="676"
                    HEIGHT="56">
            <Shape><Polygon POINTS="59 1038 59 1053 106 1048 131 1054 132 1054 133 1054 206 1048 228 1048 237 1054 238 1054 239 1054 240 1054 303 1048 397 1055 398 1055 399 1055 415 1049 451 1049 464 1055 465 1055 466 1055 734 1050 735 1040 734 1008 708 1007 701 1001 701 1000 700 1000 699 1000 698 1000 455 1007 396 999 376 999 376 999 375 999 374 999 362 1006 262 999 261 999 260 999 238 1006 151 1002 150 1002 149 1002 134 1006 116 1000 115 1000 114 1000 113 1000 98 1006 59 999 59 1038"/></Shape>
            <String CONTENT="Pensans a Dieu faire grant sacrifice."
                    HPOS="59"
                    VPOS="999"
                    WIDTH="676"
                    HEIGHT="56"
                    WC="0.9821194055918101"></String>
          </TextLine>
          <TextLine ID="eSc_line_44df36b6"
                    TAGREFS="LT8"
                    BASELINE="87 1085 735 1085" 
                    HPOS="87"
                    VPOS="1045"
                    WIDTH="648"
                    HEIGHT="56">
            <Shape><Polygon POINTS="87 1085 87 1095 95 1101 96 1101 97 1101 98 1101 99 1101 114 1095 146 1100 147 1100 148 1100 164 1095 168 1100 169 1100 170 1100 171 1100 172 1100 190 1095 263 1100 264 1100 326 1095 337 1101 338 1101 339 1101 406 1095 421 1100 422 1100 423 1100 424 1100 439 1095 474 1101 475 1101 563 1095 575 1100 576 1100 577 1100 578 1100 586 1095 592 1101 593 1101 594 1101 595 1101 596 1101 606 1096 657 1101 658 1101 691 1095 724 1101 725 1101 726 1101 727 1101 735 1095 735 1085 735 1053 714 1053 707 1046 707 1045 706 1045 705 1045 704 1045 672 1046 671 1046 670 1046 664 1052 653 1045 652 1045 651 1045 472 1052 415 1045 414 1045 413 1045 386 1052 319 1045 318 1045 285 1052 257 1045 256 1045 255 1045 236 1053 196 1053 186 1045 185 1045 184 1045 164 1045 163 1045 162 1045 138 1052 129 1045 129 1045 128 1045 87 1045 87 1085"/></Shape>
            <String CONTENT="Croire ie ueul q̃ la uierge ou les saĩctz"
                    HPOS="87"
                    VPOS="1045"
                    WIDTH="648"
                    HEIGHT="56"
                    WC="0.99992407645498"></String>
          </TextLine>
          <TextLine ID="eSc_line_a135fe00"
                    TAGREFS="LT8"
                    BASELINE="55 1132 738 1130" 
                    HPOS="54"
                    VPOS="1091"
                    WIDTH="684"
                    HEIGHT="58">
            <Shape><Polygon POINTS="55 1132 55 1142 129 1142 140 1148 141 1148 142 1148 142 1149 168 1149 168 1148 169 1148 192 1142 244 1142 265 1148 266 1148 267 1149 358 1149 358 1148 359 1148 360 1148 369 1142 405 1141 516 1147 517 1147 551 1142 558 1146 558 1146 559 1146 602 1147 603 1147 604 1147 605 1147 614 1142 678 1147 679 1147 737 1140 738 1130 736 1100 698 1091 662 1091 662 1091 661 1091 642 1100 571 1100 559 1093 558 1093 558 1093 557 1093 535 1100 468 1100 452 1091 451 1091 450 1091 394 1100 321 1100 299 1091 298 1091 298 1091 256 1097 249 1091 248 1091 247 1091 205 1091 204 1091 203 1091 202 1091 195 1096 161 1091 160 1091 129 1098 96 1091 95 1091 54 1093 55 1132"/></Shape>
            <String CONTENT="Qui sont lassus, nont aucune puissãce"
                    HPOS="54"
                    VPOS="1091"
                    WIDTH="684"
                    HEIGHT="58"
                    WC="0.9823546080212844"></String>
          </TextLine>
          <TextLine ID="eSc_line_08dbd5e8"
                    TAGREFS="LT8"
                    BASELINE="57 1177 732 1179" 
                    HPOS="56"
                    VPOS="1140"
                    WIDTH="676"
                    HEIGHT="54">
            <Shape><Polygon POINTS="57 1177 56 1193 74 1194 75 1194 76 1194 77 1194 84 1187 106 1192 107 1192 143 1187 157 1194 158 1194 159 1194 214 1187 232 1194 233 1194 233 1194 277 1187 296 1194 297 1194 298 1194 298 1194 313 1188 349 1194 350 1194 350 1194 363 1187 389 1194 389 1194 390 1194 480 1188 532 1194 532 1194 564 1190 581 1194 582 1194 583 1194 584 1194 601 1188 670 1188 686 1194 687 1194 688 1194 731 1191 732 1179 731 1149 688 1142 687 1142 655 1148 646 1141 645 1141 644 1141 643 1141 477 1148 466 1141 465 1141 464 1141 430 1141 429 1141 394 1148 326 1148 304 1140 303 1140 302 1140 301 1140 274 1147 219 1141 218 1141 217 1141 216 1141 206 1147 176 1143 175 1143 141 1147 126 1141 125 1141 124 1141 123 1141 103 1146 93 1141 92 1141 91 1141 57 1141 57 1177"/></Shape>
            <String CONTENT="Prier poͬ noꝰ, ny entẽdre noz plainctz,"
                    HPOS="56"
                    VPOS="1140"
                    WIDTH="676"
                    HEIGHT="54"
                    WC="0.9818649604916573"></String>
          </TextLine>
          <TextLine ID="eSc_line_c206955c"
                    TAGREFS="LT8"
                    BASELINE="55 1221 737 1224" 
                    HPOS="55"
                    VPOS="1182"
                    WIDTH="682"
                    HEIGHT="61">
            <Shape><Polygon POINTS="55 1221 56 1238 70 1233 108 1238 109 1238 146 1233 157 1239 158 1239 159 1239 160 1239 183 1233 197 1240 198 1240 199 1241 262 1241 262 1240 263 1240 264 1240 272 1235 333 1241 334 1241 335 1241 354 1235 384 1241 385 1241 386 1241 398 1235 408 1240 409 1240 410 1240 454 1234 466 1240 467 1240 467 1240 503 1234 557 1240 558 1240 593 1235 607 1242 608 1242 609 1243 635 1243 635 1242 636 1242 636 1242 645 1235 693 1235 735 1242 737 1224 736 1194 616 1184 615 1184 614 1184 592 1193 541 1193 529 1184 528 1184 527 1184 507 1183 506 1183 506 1183 505 1183 492 1192 467 1183 467 1183 466 1183 422 1193 371 1193 359 1184 358 1184 357 1184 356 1184 355 1184 338 1191 324 1183 324 1183 323 1183 322 1183 299 1192 290 1184 289 1184 288 1184 287 1184 286 1184 271 1188 256 1182 255 1182 254 1182 253 1182 235 1187 217 1182 216 1182 215 1182 214 1182 213 1182 199 1192 147 1192 140 1185 140 1184 139 1184 138 1184 80 1182 79 1182 78 1182 77 1182 67 1191 55 1191 55 1221"/></Shape>
            <String CONTENT="Et de noz faictz en auoir cõgnoissance."
                    HPOS="55"
                    VPOS="1182"
                    WIDTH="682"
                    HEIGHT="61"
                    WC="0.9937636330723763"></String>
          </TextLine>
          <TextLine ID="eSc_line_f91944c2"
                    TAGREFS="LT8"
                    BASELINE="55 1271 626 1269" 
                    HPOS="54"
                    VPOS="1229"
                    WIDTH="572"
                    HEIGHT="59">
            <Shape><Polygon POINTS="55 1271 55 1281 112 1281 122 1285 123 1285 124 1285 154 1281 170 1287 171 1287 172 1287 173 1287 190 1281 196 1286 196 1287 197 1287 198 1287 199 1288 218 1288 218 1287 272 1281 281 1287 282 1287 283 1287 284 1287 285 1287 302 1282 339 1287 340 1287 341 1287 354 1282 583 1286 584 1286 625 1279 626 1269 624 1239 570 1239 553 1230 552 1230 551 1230 525 1231 524 1231 523 1231 513 1239 473 1239 458 1232 457 1232 456 1232 455 1232 449 1235 437 1229 436 1229 435 1229 401 1236 389 1231 389 1231 388 1231 387 1231 373 1238 358 1229 357 1229 356 1229 355 1229 354 1229 353 1229 338 1239 272 1230 271 1230 270 1230 269 1230 254 1240 240 1240 231 1232 231 1231 230 1231 229 1231 228 1231 227 1231 206 1239 181 1230 180 1230 179 1230 178 1230 157 1239 129 1239 110 1230 109 1230 108 1230 54 1232 55 1271"/></Shape>
            <String CONTENT="Sainsi estoit, en la diuine essence"
                    HPOS="54"
                    VPOS="1229"
                    WIDTH="572"
                    HEIGHT="59"
                    WC="0.9921482035091945"></String>
          </TextLine>
          <TextLine ID="eSc_line_2d118f8b"
                    TAGREFS="LT8"
                    BASELINE="60 1320 734 1315" 
                    HPOS="59"
                    VPOS="1274"
                    WIDTH="675"
                    HEIGHT="62">
            <Shape><Polygon POINTS="60 1320 61 1336 83 1329 109 1335 110 1335 163 1329 180 1335 181 1335 181 1335 182 1335 196 1328 207 1334 208 1334 209 1334 260 1328 313 1334 314 1334 315 1334 330 1327 363 1333 364 1333 441 1327 462 1333 463 1333 464 1333 465 1333 480 1326 572 1332 573 1332 574 1332 597 1326 646 1331 647 1331 648 1331 649 1331 658 1325 733 1325 734 1315 733 1283 715 1275 714 1275 676 1274 675 1274 629 1275 628 1275 597 1284 532 1277 532 1277 531 1277 530 1277 519 1285 503 1285 480 1275 480 1275 479 1275 478 1275 436 1285 373 1281 372 1281 328 1286 317 1278 316 1278 315 1278 314 1278 313 1278 285 1286 230 1282 229 1282 228 1282 227 1282 220 1287 152 1287 132 1278 131 1278 130 1278 59 1281 60 1320"/></Shape>
            <String CONTENT="Ilz auroyent part, ce q̃ ne se peut faire"
                    HPOS="59"
                    VPOS="1274"
                    WIDTH="675"
                    HEIGHT="62"
                    WC="0.9972313453511494"></String>
          </TextLine>
          <TextLine ID="eSc_line_e83f4d57"
                    TAGREFS="LT8"
                    BASELINE="56 1363 737 1361" 
                    HPOS="55"
                    VPOS="1322"
                    WIDTH="682"
                    HEIGHT="59">
            <Shape><Polygon POINTS="56 1363 56 1374 108 1380 109 1381 171 1381 171 1380 172 1380 173 1380 181 1375 187 1380 188 1380 189 1380 190 1380 191 1380 203 1374 271 1380 272 1381 293 1381 293 1380 294 1380 295 1380 304 1374 350 1380 351 1380 407 1373 432 1379 433 1379 434 1379 464 1373 494 1373 507 1379 508 1379 509 1379 537 1374 563 1379 564 1379 593 1373 627 1379 628 1379 661 1373 735 1376 737 1361 736 1330 712 1323 711 1323 710 1323 709 1323 697 1326 692 1322 691 1322 690 1322 652 1322 651 1322 650 1322 622 1329 605 1322 604 1322 603 1322 602 1322 601 1322 592 1330 529 1330 503 1322 502 1322 501 1322 500 1322 499 1322 489 1330 467 1330 455 1322 454 1322 454 1322 428 1322 427 1322 426 1322 394 1331 370 1331 355 1323 354 1323 324 1323 323 1323 322 1323 307 1330 269 1323 268 1323 267 1323 250 1331 213 1331 197 1323 196 1323 195 1323 194 1323 176 1327 161 1323 160 1323 159 1323 110 1330 82 1323 81 1323 80 1323 79 1323 55 1330 56 1363"/></Shape>
            <String CONTENT="En Iesus Christ noꝰ fault auoir fiãce,"
                    HPOS="55"
                    VPOS="1322"
                    WIDTH="682"
                    HEIGHT="59"
                    WC="0.9952188760806353"></String>
          </TextLine>
          <TextLine ID="eSc_line_8203c126"
                    TAGREFS="LT8"
                    BASELINE="56 1413 737 1405" 
                    HPOS="55"
                    VPOS="1367"
                    WIDTH="682"
                    HEIGHT="66">
            <Shape><Polygon POINTS="56 1413 56 1423 94 1423 108 1429 109 1429 110 1429 111 1429 125 1422 181 1422 197 1433 198 1433 199 1433 200 1433 272 1425 295 1432 296 1432 297 1432 395 1431 521 1418 556 1425 557 1425 602 1420 628 1428 629 1428 630 1428 631 1428 632 1428 652 1416 665 1421 666 1421 667 1421 696 1416 715 1423 716 1423 717 1423 718 1423 737 1414 737 1405 735 1376 710 1371 709 1371 682 1375 655 1367 654 1367 653 1367 652 1367 634 1376 567 1371 566 1371 565 1371 564 1371 564 1372 558 1376 497 1374 496 1374 449 1378 432 1371 431 1371 430 1371 429 1371 407 1378 377 1371 376 1371 376 1371 375 1371 374 1371 364 1379 333 1379 311 1371 311 1371 310 1371 269 1380 255 1372 254 1372 253 1372 226 1372 225 1372 224 1372 201 1380 177 1373 176 1373 175 1373 174 1373 137 1382 107 1374 106 1374 105 1374 55 1375 56 1413"/></Shape>
            <String CONTENT="Car a luy seul deuõs honneur ⁊ gloire."
                    HPOS="55"
                    VPOS="1367"
                    WIDTH="682"
                    HEIGHT="66"
                    WC="0.9818175328083527"></String>
          </TextLine>
        </TextBlock>
        <TextBlock HPOS="468"
                   VPOS="1418"
                   WIDTH="292"
                   HEIGHT="70"
                   ID="eSc_textblock_7a8830a7"
                   TAGREFS="BT17">
          <Shape><Polygon POINTS="472 1418 468 1488 754 1488 760 1423"/></Shape>
          <TextLine ID="eSc_line_ba663af5"
                    TAGREFS="LT8"
                    BASELINE="493 1459 732 1453" 
                    HPOS="469"
                    VPOS="1412"
                    WIDTH="263"
                    HEIGHT="64">
            <Shape><Polygon POINTS="493 1459 493 1474 533 1468 561 1468 570 1475 570 1476 571 1476 572 1476 610 1471 634 1475 635 1475 636 1475 652 1465 717 1473 718 1473 719 1473 732 1466 732 1453 727 1416 717 1424 654 1412 653 1412 652 1412 651 1412 629 1426 598 1426 580 1417 579 1417 578 1417 537 1425 522 1415 521 1415 520 1415 492 1415 469 1457"/></Shape>
            <String CONTENT="B 3 Croi¬"
                    HPOS="469"
                    VPOS="1412"
                    WIDTH="263"
                    HEIGHT="64"
                    WC="0.9964311321576437"></String>
          </TextLine>
        </TextBlock>
        <TextBlock HPOS="724"
                   VPOS="896"
                   WIDTH="149"
                   HEIGHT="70"
                   ID="eSc_textblock_e81db6c1"
                   TAGREFS="BT13">
          <Shape><Polygon POINTS="724 896 731 966 873 966 873 896"/></Shape>
          <TextLine ID="eSc_line_1c5071ce"
                    TAGREFS="LT8"
                    BASELINE="733 943 864 937" 
                    HPOS="729"
                    VPOS="887"
                    WIDTH="134"
                    HEIGHT="74">
            <Shape><Polygon POINTS="732 942 732 961 863 951 863 936 857 887 729 892 732 942"/></Shape>
            <String CONTENT="Iehã.16."
                    HPOS="729"
                    VPOS="887"
                    WIDTH="134"
                    HEIGHT="74"
                    WC="0.9987714754210578"></String>
          </TextLine>
        </TextBlock>
      </PrintSpace>
    </Page>
  </Layout>
</alto>
