1065 1670
753 147 60 58 29

298 141 186 60 de la Foy.

32 194 660 56 Et de tormens, diuers les tormentez:

33 241 683 59 Malheur sur uous qͥ bruslez Iesꝰ christ

77 291 637 55 Malheur sur uous natiõ incorrecte,

34 334 683 56 Sus gros larrõs, soubdaĩ faites retrai

622 382 75 56 (cte

34 381 666 58 Car assailliz estes de toꝰ coustez

34 426 681 61 Deslogez tost, car ur̃e heure est cõplete

35 474 674 56 Quatre cens ans, a dure ur̃e emplete

33 520 655 60 Cest bien raison, que soyez contentez,

35 565 678 62 Lesprit maling, qui uous a prouoquez

35 614 622 56 A le seruir, dans son rolle a escript

37 658 668 58 Ses seruiteurs: mais les bons suscitez

39 706 638 59 Par lesprit sainct, sont de dire incitez

38 749 679 61 Malheur sur uoꝰ qui crucifiez Christ.

85 800 634 58 O bon Iesus, faiz regner ta comete

39 842 578 59 De uerite, a celle fin quon mette

38 888 679 62 Les chrestiẽs hors lerreur dantechrist:

39 936 683 60 Lors tes esleuz en uoix douce ⁊ discrete

38 983 684 57 Crieront sur eux par ta sentẽce droicte/

40 1026 681 65 Malheur sur uoꝰ qͥ uẽdez Iesus christ.

159 1075 455 61 Huictain aux Ministres.

45 1123 571 58 Puis que tu es, constitue au lieu

42 1165 668 63 De uray pasteur, poͬ les ames repai¬

615 1214 97 49 (stre

37 1220 563 54 Repais les donc, en ꝑolle de dieu

43 1259 673 60 Non point de noz inuentiõs terrestres.

44 1305 683 61 La prophetie prinse au sens de la lettre

49 1352 678 75 Par ignorãs, ne peult paistre ⁊ nourrir

643 1397 82 61 Les
