1065 1670
774 150 54 68 17

316 148 200 63 de la Foy.

42 200 591 64 Uoulut son filz a Dieu sacrifier:

46 251 588 57 Sa foy luy fut reputee a iustice.

80 295 657 61 Croire ie ueul q̃ par foy simplement

43 343 682 57 Dieu est cõgneu, mesme le diable en trẽ

637 393 88 57 (ble:

40 389 565 57 Mais ꝙ̈t a noꝰ il est biẽ autrem̃t

40 432 685 63 Ueu ⁊ congneu ꝑ une foy plus ample.

40 480 685 62 Car nostre foy qͥ oeuure tout ensemble

44 528 681 62 Par charite, nous est faicte plus forte/

44 573 681 56 Comme de ce nous en auons lexemple

45 627 680 52 Que nr̃e foy sãs les oeuures est morte.

84 668 648 58 Croire ie ueul quen ce ne se discordẽt

48 713 683 59 Iaq̃s ⁊ Paul, ains chascun biẽ sentẽd:

45 760 683 57 Et en leurs sens tresbiẽ ilz se cõcordẽt,

47 805 682 57 Tant que lesprit en doibt estre cõtent.

49 854 680 57 Sainct Iaques dit, ⁊ son but a ce tend,

48 898 679 58 Que la bõe oeuure ẽsuyt tousioͬs la foy

47 944 680 59 Et sainct Paul dit, lhõe qͥ la foy prẽd,

48 991 680 61 Ne sappuye poĩt aux oeuures de la loy.

87 1038 646 57 Croire ie ueul q̃ nous sommes sortiz

51 1079 675 63 Par foy des flans dabraham nr̃e pere:

47 1127 679 64 Et cõme enfans par promesse aduertiz

50 1177 651 56 Qua nous seroit lheritaige prospere.

49 1222 685 55 Donc a present chascun de nous espere

50 1270 659 56 Que par la foy, laquelle nous suffist,

47 1310 678 60 Noꝰ sõmes toꝰ (aĩsi le noꝰ fault croire)

48 1356 677 80 Urais heritiers, coheritiers de Christ.

740 1086 143 53 Rom̃.4

740 1125 128 70 Gala.3

742 1303 118 66 Rom̃8.

740 1358 118 82 Gal.4.

529 1406 213 64 B Croire

736 250 95 77 Iaq̃.2.
