<?xml version="1.0" encoding="UTF-8"?>
<alto xmlns:xsi="http://www.w3.org/2001/XMLSchema-instance"
      xmlns="http://www.loc.gov/standards/alto/ns-v4#"
      xsi:schemaLocation="http://www.loc.gov/standards/alto/ns-v4# http://www.loc.gov/standards/alto/v4/alto-4-2.xsd">
  <Description>
    <MeasurementUnit>pixel</MeasurementUnit>
    <sourceImageInformation>
      <fileName>CRRJM08.pdf_page_25.png</fileName>
      <fileIdentifier>pdf//CRRJM08.pdf</fileIdentifier>
    </sourceImageInformation>
  </Description>
  <Tags>
    <OtherTag ID="BT7" LABEL="CustomZone" DESCRIPTION="block type CustomZone"/><OtherTag ID="BT8" LABEL="DamageZone" DESCRIPTION="block type DamageZone"/><OtherTag ID="BT9" LABEL="DigitizationArtefactZone" DESCRIPTION="block type DigitizationArtefactZone"/><OtherTag ID="BT10" LABEL="DropCapitalZone" DESCRIPTION="block type DropCapitalZone"/><OtherTag ID="BT11" LABEL="GraphicZone" DESCRIPTION="block type GraphicZone"/><OtherTag ID="BT12" LABEL="MainZone" DESCRIPTION="block type MainZone"/><OtherTag ID="BT13" LABEL="MarginTextZone" DESCRIPTION="block type MarginTextZone"/><OtherTag ID="BT14" LABEL="MusicZone" DESCRIPTION="block type MusicZone"/><OtherTag ID="BT15" LABEL="NumberingZone" DESCRIPTION="block type NumberingZone"/><OtherTag ID="BT17" LABEL="QuireMarksZone" DESCRIPTION="block type QuireMarksZone"/><OtherTag ID="BT18" LABEL="RunningTitleZone" DESCRIPTION="block type RunningTitleZone"/><OtherTag ID="BT19" LABEL="SealZone" DESCRIPTION="block type SealZone"/><OtherTag ID="BT20" LABEL="StampZone" DESCRIPTION="block type StampZone"/><OtherTag ID="BT21" LABEL="TableZone" DESCRIPTION="block type TableZone"/><OtherTag ID="BT22" LABEL="TitlePageZone" DESCRIPTION="block type TitlePageZone"/>
    <OtherTag ID="LT7" LABEL="CustomLine" DESCRIPTION="line type CustomLine"/><OtherTag ID="LT8" LABEL="DefaultLine" DESCRIPTION="line type DefaultLine"/><OtherTag ID="LT9" LABEL="DropCapitalLine" DESCRIPTION="line type DropCapitalLine"/><OtherTag ID="LT10" LABEL="HeadingLine" DESCRIPTION="line type HeadingLine"/><OtherTag ID="LT11" LABEL="InterlinearLine" DESCRIPTION="line type InterlinearLine"/><OtherTag ID="LT12" LABEL="MusicLine" DESCRIPTION="line type MusicLine"/><OtherTag ID="LT1257" LABEL="default" DESCRIPTION="line type default"/>
  </Tags>
  <Layout>
    <Page WIDTH="1065"
          HEIGHT="1670"
          PHYSICAL_IMG_NR="24"
          ID="eSc_dummypage_">
      <PrintSpace HPOS="0"
                  VPOS="0"
                  WIDTH="1065"
                  HEIGHT="1670">
        <TextBlock HPOS="719"
                   VPOS="117"
                   WIDTH="95"
                   HEIGHT="90"
                   ID="eSc_textblock_5388bc4c"
                   TAGREFS="BT15">
          <Shape><Polygon POINTS="754 117 719 194 814 207 814 117"/></Shape>
          <TextLine ID="eSc_line_f57dfb4f"
                    TAGREFS="LT8"
                    BASELINE="753 177 801 177" 
                    HPOS="753"
                    VPOS="134"
                    WIDTH="56"
                    HEIGHT="71">
            <Shape><Polygon POINTS="781 135 772 135 771 134 753 137 753 177 753 199 765 205 766 205 792 200 809 177 791 136"/></Shape>
            <String CONTENT="25"
                    HPOS="753"
                    VPOS="134"
                    WIDTH="56"
                    HEIGHT="71"
                    ></String>
          </TextLine>
        </TextBlock>
        <TextBlock HPOS="278"
                   VPOS="119"
                   WIDTH="236"
                   HEIGHT="74"
                   ID="eSc_textblock_618931c4"
                   TAGREFS="BT18">
          <Shape><Polygon POINTS="278 119 278 193 514 193 514 119"/></Shape>
          <TextLine ID="eSc_line_e0c11743"
                    TAGREFS="LT10"
                    BASELINE="292 170 498 172" 
                    HPOS="291"
                    VPOS="129"
                    WIDTH="207"
                    HEIGHT="62">
            <Shape><Polygon POINTS="480 134 474 132 473 132 472 132 471 132 458 138 444 132 441 132 431 131 428 131 400 138 378 136 373 130 366 130 363 130 350 137 316 129 311 129 307 129 298 131 292 138 292 170 291 182 350 182 356 187 357 187 358 187 359 187 360 187 374 182 394 191 395 191 396 191 431 185 454 191 455 191 497 188 498 172 493 146 487 141"/></Shape>
            <String CONTENT="de la Foy."
                    HPOS="291"
                    VPOS="129"
                    WIDTH="207"
                    HEIGHT="62"
                    ></String>
          </TextLine>
        </TextBlock>
        <TextBlock HPOS="18"
                   VPOS="176"
                   WIDTH="719"
                   HEIGHT="1238"
                   ID="eSc_textblock_6361e759"
                   TAGREFS="BT12">
          <Shape><Polygon POINTS="18 176 22 1414 737 1405 737 176"/></Shape>
          <TextLine ID="eSc_line_96ecb39b"
                    TAGREFS="LT8"
                    BASELINE="41 230 728 226" 
                    HPOS="40"
                    VPOS="179"
                    WIDTH="688"
                    HEIGHT="65">
            <Shape><Polygon POINTS="709 181 700 185 690 185 681 186 672 186 662 186 655 186 654 188 640 187 635 188 625 188 616 188 607 188 597 187 588 186 579 186 570 185 560 184 551 183 542 182 541 181 505 180 504 180 503 180 473 189 456 184 455 184 454 184 378 190 370 184 369 184 368 184 367 184 366 184 365 184 359 191 324 191 313 183 312 183 311 183 311 183 310 183 292 190 280 181 279 181 278 181 277 181 276 181 252 188 159 182 158 182 157 182 156 182 148 188 140 183 133 183 124 183 115 183 105 183 102 183 90 190 77 184 76 184 75 184 42 192 40 194 41 230 41 240 74 238 100 244 101 244 102 244 114 238 155 238 168 244 169 244 170 244 211 244 211 244 275 237 309 243 310 243 348 237 376 243 377 243 378 243 379 243 386 237 441 242 441 242 442 242 466 236 506 242 507 242 557 235 603 241 604 241 605 241 622 236 647 241 648 241 676 236 727 239 728 226 727 186 714 179 713 179 712 179 710 179 709 181"/></Shape>
            <String CONTENT="Car le Seigñr moymesme tõ dieu suis"
                    HPOS="40"
                    VPOS="179"
                    WIDTH="688"
                    HEIGHT="65"
                    WC="0.9999328416747015"></String>
          </TextLine>
          <TextLine ID="eSc_line_b5b9696e"
                    TAGREFS="LT8"
                    BASELINE="43 277 726 272" 
                    HPOS="42"
                    VPOS="232"
                    WIDTH="684"
                    HEIGHT="62">
            <Shape><Polygon POINTS="43 277 44 294 64 285 99 285 116 294 116 294 117 294 118 294 139 285 157 285 168 293 169 293 170 293 171 293 207 290 208 290 209 290 217 284 281 284 305 293 306 293 307 293 308 293 324 287 350 292 351 292 352 292 353 292 362 285 370 292 371 292 372 292 373 292 397 287 449 292 450 292 451 292 468 286 483 291 484 291 485 291 486 291 487 291 501 282 529 282 540 291 541 291 542 291 543 292 580 292 580 291 581 291 582 291 582 290 589 283 610 290 611 290 612 291 696 291 696 290 697 290 726 280 726 272 725 239 701 232 701 232 700 232 558 239 489 232 488 232 464 237 453 232 452 232 451 232 450 232 431 238 421 233 420 233 419 233 418 233 417 233 406 241 340 241 328 235 327 235 326 235 293 241 262 233 261 233 260 233 259 233 259 233 246 242 213 242 206 235 205 235 204 235 203 235 176 240 168 234 168 234 167 234 107 234 106 234 105 234 104 234 98 239 66 234 65 234 64 234 42 243 43 277"/></Shape>
            <String CONTENT="Le Dieu ialoux, qui uisite ⁊ poursuis"
                    HPOS="42"
                    VPOS="232"
                    WIDTH="684"
                    HEIGHT="62"
                    WC="0.9810251803011507"></String>
          </TextLine>
          <TextLine ID="eSc_line_128646ed"
                    TAGREFS="LT8"
                    BASELINE="44 322 676 320" 
                    HPOS="43"
                    VPOS="280"
                    WIDTH="633"
                    HEIGHT="51">
            <Shape><Polygon POINTS="44 322 44 331 675 328 676 320 674 285 522 285 506 280 506 280 505 280 504 280 491 285 407 282 406 282 374 286 358 282 357 282 356 282 355 282 343 286 330 282 329 282 328 282 287 286 254 281 253 281 252 281 240 287 225 282 224 282 223 282 187 287 142 282 142 282 116 287 109 282 108 282 107 282 64 282 64 282 63 282 43 288 44 322"/></Shape>
            <String CONTENT="Sur les enfans des peres la menee,"
                    HPOS="43"
                    VPOS="280"
                    WIDTH="633"
                    HEIGHT="51"
                    ></String>
          </TextLine>
          <TextLine ID="eSc_line_3cafd37f"
                    TAGREFS="LT8"
                    BASELINE="44 368 688 365" 
                    HPOS="43"
                    VPOS="325"
                    WIDTH="645"
                    HEIGHT="59">
            <Shape><Polygon POINTS="44 368 44 384 75 378 122 383 123 383 124 383 150 376 279 382 280 382 281 382 302 375 314 382 315 382 316 382 317 382 334 375 349 382 350 382 350 383 423 383 423 382 424 382 425 382 431 376 512 381 513 381 514 381 515 381 523 374 562 374 594 381 595 382 659 382 659 381 688 373 688 365 687 332 602 332 590 325 589 325 588 325 552 331 515 325 514 325 513 325 498 331 481 325 480 325 480 325 479 325 478 325 468 331 439 327 438 327 437 327 436 327 430 333 371 333 362 326 361 326 360 326 359 326 312 332 294 326 293 326 292 326 227 327 226 327 225 327 217 334 180 334 172 327 171 327 170 327 169 327 168 327 150 332 125 327 124 327 123 327 122 327 116 334 96 334 90 327 89 327 88 327 87 327 43 329 44 368"/></Shape>
            <String CONTENT="En la troisiesme ⁊ quatriesme lignee"
                    HPOS="43"
                    VPOS="325"
                    WIDTH="645"
                    HEIGHT="59"
                    WC="0.9998588164647421"></String>
          </TextLine>
          <TextLine ID="eSc_line_5798c591"
                    TAGREFS="LT8"
                    BASELINE="45 416 724 411" 
                    HPOS="44"
                    VPOS="371"
                    WIDTH="680"
                    HEIGHT="61">
            <Shape><Polygon POINTS="45 416 45 424 161 424 178 432 179 432 180 432 181 432 200 423 232 431 233 431 233 431 234 431 247 423 421 430 422 430 423 430 445 423 479 429 480 430 545 430 545 429 546 429 547 429 557 423 586 429 587 429 631 421 724 419 724 411 723 378 702 371 701 371 701 371 662 377 584 373 584 373 583 373 582 373 576 378 559 372 558 372 558 372 557 372 538 378 525 372 524 372 523 372 522 372 507 379 450 380 390 380 379 372 378 372 377 372 376 372 376 372 357 379 311 373 311 373 248 380 231 373 230 373 229 373 151 374 150 374 149 374 149 375 142 382 103 382 85 374 84 374 83 374 44 376 45 416"/></Shape>
            <String CONTENT="De ceux qͥ mõt en hayne: ⁊ qͥ fay graces"
                    HPOS="44"
                    VPOS="371"
                    WIDTH="680"
                    HEIGHT="61"
                    WC="0.9913243055343628"></String>
          </TextLine>
          <TextLine ID="eSc_line_347d2950"
                    TAGREFS="LT8"
                    BASELINE="43 462 697 457" 
                    HPOS="42"
                    VPOS="418"
                    WIDTH="655"
                    HEIGHT="58">
            <Shape><Polygon POINTS="43 462 43 471 53 475 54 475 55 475 89 471 95 476 96 476 97 476 98 476 99 476 100 476 107 470 227 470 234 475 235 475 236 475 237 475 238 475 256 471 285 475 286 475 321 469 334 475 335 475 336 475 415 475 415 475 444 468 454 474 454 474 455 474 456 475 502 475 502 474 503 474 504 474 509 469 556 474 557 474 558 474 582 467 618 473 619 473 696 466 697 457 695 426 632 422 631 422 578 426 552 418 551 418 550 418 549 418 548 418 536 428 486 428 473 418 472 418 471 418 470 418 425 429 376 429 365 419 364 419 363 419 311 419 310 419 309 419 289 424 273 420 272 420 272 420 213 427 193 423 192 423 191 423 179 429 171 424 170 424 169 424 168 424 152 427 143 421 142 421 142 421 141 421 140 421 111 429 62 421 61 421 60 421 42 429 43 462"/></Shape>
            <String CONTENT="Entierement, iusques en mille races"
                    HPOS="42"
                    VPOS="418"
                    WIDTH="655"
                    HEIGHT="58"
                    WC="0.9737528766904558"></String>
          </TextLine>
          <TextLine ID="eSc_line_6f0046af"
                    TAGREFS="LT8"
                    BASELINE="42 508 727 502" 
                    HPOS="41"
                    VPOS="462"
                    WIDTH="686"
                    HEIGHT="62">
            <Shape><Polygon POINTS="42 508 43 524 59 518 173 523 174 523 175 523 176 523 185 517 259 523 260 523 261 523 262 523 271 516 294 522 295 522 296 522 322 516 392 520 393 520 428 515 539 520 540 520 541 520 542 520 547 515 553 520 554 520 555 520 556 521 594 521 594 520 628 513 714 519 715 519 716 519 717 519 727 513 727 502 725 468 662 468 646 462 645 462 644 462 643 462 642 462 633 468 612 462 611 462 610 462 610 462 593 469 580 463 579 463 578 463 373 472 339 472 332 465 331 465 330 465 290 465 289 465 288 465 287 465 281 471 267 466 266 466 154 466 153 466 152 466 151 466 142 473 58 467 57 467 56 467 41 472 42 508"/></Shape>
            <String CONTENT="A ceux, lesquelz de tous leurs sentimẽs"
                    HPOS="41"
                    VPOS="462"
                    WIDTH="686"
                    HEIGHT="62"
                    WC="0.9960474163293839"></String>
          </TextLine>
          <TextLine ID="eSc_line_097aee1c"
                    TAGREFS="LT8"
                    BASELINE="44 555 727 549" 
                    HPOS="43"
                    VPOS="509"
                    WIDTH="684"
                    HEIGHT="58">
            <Shape><Polygon POINTS="44 555 44 566 194 563 217 567 218 567 246 562 274 566 275 566 351 561 424 565 425 565 426 565 436 560 510 565 511 565 594 559 711 563 712 563 713 563 727 557 727 549 725 516 688 516 676 510 675 510 675 510 623 516 602 509 601 509 600 509 599 509 570 516 526 511 525 511 482 515 461 510 460 510 459 510 458 510 426 518 410 513 409 513 408 513 380 518 371 511 370 511 369 511 368 511 367 511 343 516 325 513 324 513 324 513 323 513 316 519 285 512 284 512 238 520 229 513 228 513 227 513 182 513 181 513 140 521 97 513 96 513 43 517 44 555"/></Shape>
            <String CONTENT="Maymẽt, ⁊ font les miẽs cõmãdemẽs."
                    HPOS="43"
                    VPOS="509"
                    WIDTH="684"
                    HEIGHT="58"
                    WC="0.9944592744876177"></String>
          </TextLine>
          <TextLine ID="eSc_line_6657ff15"
                    TAGREFS="LT8"
                    BASELINE="44 601 725 596" 
                    HPOS="43"
                    VPOS="554"
                    WIDTH="682"
                    HEIGHT="61">
            <Shape><Polygon POINTS="44 601 45 615 63 609 88 609 95 615 96 615 97 615 98 615 181 608 194 614 195 614 196 614 197 614 218 608 281 608 290 614 291 614 292 614 293 614 331 613 332 613 333 613 342 607 363 607 370 613 371 613 372 613 373 613 406 607 445 613 446 613 447 613 467 607 551 612 552 612 600 607 674 611 675 611 675 611 687 605 724 609 725 596 724 562 706 554 705 554 599 554 598 554 597 554 582 562 570 556 569 556 568 556 486 562 415 556 414 556 413 556 401 563 359 563 350 556 350 556 349 556 348 556 314 565 247 565 222 557 221 557 220 557 220 557 206 564 183 558 182 558 181 558 181 558 160 565 154 559 154 558 153 558 152 558 135 558 134 558 90 565 69 558 68 558 67 558 66 558 43 565 44 601"/></Shape>
            <String CONTENT="En uain le nom de tõ Dieu le Seigñr"
                    HPOS="43"
                    VPOS="554"
                    WIDTH="682"
                    HEIGHT="61"
                    WC="0.9931375529315021"></String>
          </TextLine>
          <TextLine ID="eSc_line_3f7da37a"
                    TAGREFS="LT8"
                    BASELINE="46 648 727 642" 
                    HPOS="45"
                    VPOS="602"
                    WIDTH="682"
                    HEIGHT="59">
            <Shape><Polygon POINTS="46 648 46 657 259 659 260 659 290 655 301 660 302 660 303 661 336 661 336 660 337 660 348 655 384 660 385 660 435 654 442 659 443 659 444 659 445 659 474 655 498 659 499 659 545 653 558 658 559 658 560 658 726 652 727 642 725 610 579 602 578 602 550 606 524 603 523 603 522 603 493 611 465 603 464 603 424 603 423 603 422 603 421 603 410 610 349 603 348 603 347 603 330 612 292 607 291 607 290 607 269 613 255 604 254 604 253 604 218 604 217 604 216 604 215 604 200 614 161 614 146 605 145 605 144 605 143 605 111 614 95 605 94 605 93 605 45 610 46 648"/></Shape>
            <String CONTENT="Tu ne prẽdras, luy faisant deshõneur."
                    HPOS="45"
                    VPOS="602"
                    WIDTH="682"
                    HEIGHT="59"
                    WC="0.9836036547636374"></String>
          </TextLine>
          <TextLine ID="eSc_line_e92901dc"
                    TAGREFS="LT8"
                    BASELINE="43 694 707 689" 
                    HPOS="42"
                    VPOS="648"
                    WIDTH="665"
                    HEIGHT="58">
            <Shape><Polygon POINTS="43 694 43 706 707 700 707 689 705 655 628 648 627 648 626 648 625 648 616 656 595 656 559 651 558 651 558 651 557 651 549 656 496 652 495 652 494 652 486 656 477 651 476 651 475 651 474 651 441 657 418 652 417 652 416 652 376 657 349 651 348 651 347 651 346 651 345 651 336 656 285 652 284 652 283 652 282 652 277 656 264 651 263 651 262 651 261 651 243 660 221 660 212 652 211 652 210 652 209 652 154 658 131 653 130 653 129 653 129 653 106 660 86 653 85 653 84 653 42 657 43 694"/></Shape>
            <String CONTENT="Car le Seigneur innocent ne tiendra,"
                    HPOS="42"
                    VPOS="648"
                    WIDTH="665"
                    HEIGHT="58"
                    WC="0.9960526393519508"></String>
          </TextLine>
          <TextLine ID="eSc_line_e4bf7fd5"
                    TAGREFS="LT8"
                    BASELINE="46 741 726 734" 
                    HPOS="45"
                    VPOS="693"
                    WIDTH="681"
                    HEIGHT="64">
            <Shape><Polygon POINTS="46 741 46 749 120 749 130 756 131 756 132 756 133 756 134 756 135 756 148 748 188 748 197 756 198 756 199 756 200 757 225 757 225 756 226 756 227 756 239 747 249 755 250 755 251 755 252 756 292 756 292 755 293 755 294 755 303 747 356 754 357 754 389 746 428 754 428 754 429 754 452 746 466 751 467 751 467 751 497 745 528 753 529 753 530 753 611 752 612 752 623 747 634 751 635 751 636 751 664 745 697 751 698 751 699 751 726 744 726 734 724 703 636 693 636 693 635 693 610 702 554 701 544 694 543 694 542 694 541 694 540 694 522 704 367 695 366 695 365 695 364 695 354 705 337 698 337 698 336 698 335 698 316 703 264 696 263 696 262 696 246 704 205 697 204 697 151 706 73 698 72 698 71 698 45 707 46 741"/></Shape>
            <String CONTENT="Quiconq̃ en uain le nom de luy prẽdra."
                    HPOS="45"
                    VPOS="693"
                    WIDTH="681"
                    HEIGHT="64"
                    WC="0.9807179218683487"></String>
          </TextLine>
          <TextLine ID="eSc_line_45ef0586"
                    TAGREFS="LT8"
                    BASELINE="44 787 706 783" 
                    HPOS="41"
                    VPOS="738"
                    WIDTH="664"
                    HEIGHT="66">
            <Shape><Polygon POINTS="299 738 207 750 157 740 155 740 123 747 115 740 114 740 112 740 111 740 41 740 43 786 43 797 48 802 48 804 50 804 51 804 52 804 54 804 79 796 275 802 277 802 334 796 363 802 364 802 366 802 412 794 462 802 463 802 508 793 558 801 559 802 641 802 641 801 643 801 644 801 655 793 665 801 666 801 668 801 669 801 705 800 705 782 703 748 455 738 453 738 349 745 300 738 299 738"/></Shape>
            <String CONTENT="Souuienne toy, ayant ferme propos,"
                    HPOS="41"
                    VPOS="738"
                    WIDTH="664"
                    HEIGHT="66"
                    WC="0.9863359367146212"></String>
          </TextLine>
          <TextLine ID="eSc_line_f3ff9b3d"
                    TAGREFS="LT8"
                    BASELINE="46 835 293 829 658 829" 
                    HPOS="45"
                    VPOS="788"
                    WIDTH="613"
                    HEIGHT="57">
            <Shape><Polygon POINTS="46 835 46 843 247 840 306 845 307 845 308 845 309 845 316 839 389 839 406 844 407 844 408 844 448 838 460 843 461 843 462 844 462 843 463 843 475 838 569 843 570 843 657 836 658 829 657 796 613 796 604 788 603 788 602 788 601 788 600 788 568 796 494 796 481 790 480 790 480 790 479 790 466 797 438 797 392 791 391 791 317 797 297 791 296 791 295 791 294 791 279 797 266 791 265 791 264 791 224 796 215 791 214 791 213 791 176 791 175 791 174 791 156 799 115 795 114 795 113 795 103 799 91 792 90 792 90 792 62 792 61 792 60 792 45 799 46 835"/></Shape>
            <String CONTENT="Sanctifier le sainct iour du repos."
                    HPOS="45"
                    VPOS="788"
                    WIDTH="613"
                    HEIGHT="57"
                    WC="0.9940020799636841"></String>
          </TextLine>
          <TextLine ID="eSc_line_ba8dfbcc"
                    TAGREFS="LT8"
                    BASELINE="46 881 207 876 725 876" 
                    HPOS="45"
                    VPOS="835"
                    WIDTH="680"
                    HEIGHT="58">
            <Shape><Polygon POINTS="46 881 46 893 167 886 260 886 274 892 275 892 276 892 307 886 328 892 329 892 330 893 411 893 411 892 412 892 427 886 457 886 465 891 466 891 467 891 467 891 468 891 486 886 502 890 503 890 504 890 542 886 723 888 725 876 723 841 653 842 631 835 630 835 586 835 585 835 584 835 584 835 574 843 517 843 488 835 487 835 437 835 436 835 435 835 410 843 389 835 388 835 324 835 324 835 268 843 224 835 223 835 222 835 221 835 209 844 124 844 106 835 105 835 69 835 68 835 67 835 45 843 46 881"/></Shape>
            <String CONTENT="Six ioͬs ẽtiers (sãs plꝰ) trauailleras,"
                    HPOS="45"
                    VPOS="835"
                    WIDTH="680"
                    HEIGHT="58"
                    WC="0.9848210055653642"></String>
          </TextLine>
          <TextLine ID="eSc_line_54ce2c3f"
                    TAGREFS="LT8"
                    BASELINE="47 926 680 919" 
                    HPOS="46"
                    VPOS="881"
                    WIDTH="634"
                    HEIGHT="58">
            <Shape><Polygon POINTS="47 926 48 939 64 935 121 939 122 939 123 939 142 934 197 938 198 938 285 932 350 937 351 937 402 931 437 936 438 936 480 931 509 935 510 935 511 935 525 929 550 934 551 934 680 929 680 919 678 888 618 888 594 881 593 881 592 881 591 881 577 888 518 883 517 883 474 888 448 882 447 882 446 882 421 883 420 883 406 890 376 884 375 884 336 888 329 884 328 884 327 884 326 884 325 884 324 884 319 888 284 886 283 886 282 886 265 892 214 892 207 886 206 886 205 886 204 886 203 886 177 893 148 886 147 886 146 886 114 892 100 886 99 886 57 886 56 886 55 886 54 886 46 892 47 926"/></Shape>
            <String CONTENT="Toute ton oeuure, ⁊ labeur tu feras"
                    HPOS="46"
                    VPOS="881"
                    WIDTH="634"
                    HEIGHT="58"
                    WC="0.9916108131408692"></String>
          </TextLine>
          <TextLine ID="eSc_line_fe959c4d"
                    TAGREFS="LT8"
                    BASELINE="45 973 726 965" 
                    HPOS="44"
                    VPOS="926"
                    WIDTH="682"
                    HEIGHT="61">
            <Shape><Polygon POINTS="45 973 45 982 59 987 60 987 61 987 62 987 63 987 70 980 113 980 143 985 144 985 145 985 146 985 155 979 208 984 209 984 258 978 290 986 291 986 292 986 293 986 293 985 302 977 376 977 469 984 470 984 542 977 551 983 552 983 553 983 554 983 604 976 635 982 636 982 698 981 699 981 726 972 726 965 723 932 648 932 640 927 639 927 638 927 637 927 599 933 569 926 568 926 567 926 548 935 510 935 490 927 489 927 488 927 487 927 463 935 451 928 450 928 449 928 364 937 322 937 299 929 298 929 298 929 297 929 282 937 272 930 272 930 271 930 248 930 247 930 246 930 246 930 238 937 218 930 217 930 216 930 215 930 185 937 172 932 171 932 170 932 169 932 146 937 126 932 125 932 124 932 44 934 45 973"/></Shape>
            <String CONTENT="Durant iceux: mais le septiesme iour"
                    HPOS="44"
                    VPOS="926"
                    WIDTH="682"
                    HEIGHT="61"
                    WC="0.9992043574651083"></String>
          </TextLine>
          <TextLine ID="eSc_line_5c08d8c7"
                    TAGREFS="LT8"
                    BASELINE="47 1019 259 1014 650 1015" 
                    HPOS="46"
                    VPOS="974"
                    WIDTH="604"
                    HEIGHT="56">
            <Shape><Polygon POINTS="47 1019 47 1026 272 1030 273 1030 274 1030 275 1030 281 1025 341 1025 424 1029 425 1029 649 1025 650 1015 649 982 574 982 534 975 533 975 532 975 532 975 521 982 502 977 501 977 500 977 469 982 460 976 459 976 458 976 457 976 422 979 415 974 415 974 414 974 413 974 412 974 394 979 362 974 361 974 360 974 359 974 349 982 327 975 326 975 297 975 296 975 295 975 294 975 285 981 246 975 245 975 244 975 218 982 186 975 185 975 184 975 183 975 183 976 174 984 149 984 123 975 122 975 121 975 120 975 94 983 67 975 66 975 65 975 64 975 46 983 47 1019"/></Shape>
            <String CONTENT="Cest de ton Dieu le repos ⁊ seiour,"
                    HPOS="46"
                    VPOS="974"
                    WIDTH="604"
                    HEIGHT="56"
                    WC="0.9989657180649893"></String>
          </TextLine>
          <TextLine ID="eSc_line_032c16b5"
                    TAGREFS="LT8"
                    BASELINE="51 1065 659 1059" 
                    HPOS="50"
                    VPOS="1019"
                    WIDTH="609"
                    HEIGHT="59">
            <Shape><Polygon POINTS="51 1065 51 1075 126 1078 127 1078 160 1072 209 1077 210 1077 264 1070 369 1075 370 1075 396 1069 415 1075 416 1075 417 1075 418 1075 438 1070 474 1074 475 1074 476 1074 477 1074 484 1068 556 1074 557 1074 558 1074 580 1067 611 1073 612 1073 659 1066 659 1059 656 1019 598 1025 557 1019 556 1019 555 1019 533 1028 454 1029 416 1029 404 1023 403 1023 402 1023 316 1027 298 1022 297 1022 296 1022 251 1030 207 1023 181 1023 181 1023 180 1023 165 1030 121 1024 120 1024 119 1024 118 1024 109 1030 101 1024 100 1024 99 1024 62 1024 61 1024 60 1024 59 1024 50 1029 51 1065"/></Shape>
            <String CONTENT="Tu ne feras aucune oeuure seruile"
                    HPOS="50"
                    VPOS="1019"
                    WIDTH="609"
                    HEIGHT="59"
                    WC="0.9999416362155568"></String>
          </TextLine>
          <TextLine ID="eSc_line_243f3bec"
                    TAGREFS="LT8"
                    BASELINE="47 1110 648 1105" 
                    HPOS="46"
                    VPOS="1065"
                    WIDTH="602"
                    HEIGHT="62">
            <Shape><Polygon POINTS="47 1110 47 1121 95 1121 118 1127 119 1127 120 1127 183 1119 196 1126 197 1126 198 1127 234 1127 234 1126 235 1126 236 1126 236 1125 243 1119 263 1119 285 1126 285 1126 286 1126 326 1119 337 1125 338 1125 339 1126 396 1126 396 1125 397 1125 413 1117 426 1124 427 1124 428 1124 466 1117 518 1117 532 1123 533 1123 534 1124 565 1124 565 1123 566 1123 567 1123 575 1117 635 1123 636 1123 636 1123 648 1117 648 1105 646 1074 581 1065 580 1065 579 1065 552 1073 519 1073 508 1066 507 1066 506 1066 506 1066 505 1066 504 1066 490 1074 444 1066 443 1066 365 1067 364 1067 348 1073 328 1066 327 1066 326 1066 325 1066 324 1066 324 1067 315 1075 247 1067 246 1067 214 1075 167 1067 166 1067 165 1067 164 1067 151 1078 110 1078 93 1068 92 1068 66 1068 65 1068 64 1068 46 1077 47 1110"/></Shape>
            <String CONTENT="En iceluy, toy, ton filz, ne ta fille,"
                    HPOS="46"
                    VPOS="1065"
                    WIDTH="602"
                    HEIGHT="62"
                    WC="0.9977583257775557"></String>
          </TextLine>
          <TextLine ID="eSc_line_81e62645"
                    TAGREFS="LT8"
                    BASELINE="51 1157 727 1153" 
                    HPOS="50"
                    VPOS="1114"
                    WIDTH="677"
                    HEIGHT="58">
            <Shape><Polygon POINTS="721 1120 688 1114 688 1114 687 1114 674 1121 622 1121 591 1114 590 1114 557 1122 465 1122 442 1116 441 1116 441 1116 440 1116 428 1122 376 1116 376 1116 294 1123 250 1118 249 1118 202 1123 172 1117 171 1117 107 1122 102 1117 101 1117 100 1117 57 1117 56 1117 55 1117 54 1117 50 1120 51 1157 51 1169 117 1167 137 1172 138 1172 139 1172 165 1166 285 1166 293 1171 294 1171 295 1171 296 1172 320 1172 320 1171 358 1166 363 1170 364 1170 365 1170 366 1171 450 1171 450 1170 451 1170 477 1164 500 1169 501 1169 502 1169 503 1169 514 1164 523 1169 524 1169 525 1169 526 1170 573 1170 573 1169 574 1169 598 1163 725 1169 727 1153 725 1121 721 1120"/></Shape>
            <String CONTENT="Ton seruiteur, ton serf, ne ta seruante,"
                    HPOS="50"
                    VPOS="1114"
                    WIDTH="677"
                    HEIGHT="58"
                    WC="0.9938015609979629"></String>
          </TextLine>
          <TextLine ID="eSc_line_903cab6d"
                    TAGREFS="LT8"
                    BASELINE="48 1203 729 1197" 
                    HPOS="47"
                    VPOS="1159"
                    WIDTH="682"
                    HEIGHT="58">
            <Shape><Polygon POINTS="48 1203 48 1211 126 1211 150 1217 151 1217 152 1217 185 1210 209 1216 210 1216 211 1217 271 1217 271 1216 272 1216 285 1210 349 1215 350 1215 350 1215 369 1210 376 1215 377 1215 378 1215 379 1215 380 1215 381 1215 389 1209 421 1214 422 1214 461 1208 500 1214 501 1214 603 1207 612 1213 613 1213 614 1213 615 1213 645 1207 696 1207 714 1212 714 1212 715 1212 716 1212 729 1205 729 1197 727 1168 672 1168 638 1159 637 1159 636 1159 607 1168 550 1161 549 1161 498 1169 426 1161 425 1161 371 1168 351 1162 350 1162 350 1162 349 1162 330 1169 249 1163 248 1163 191 1169 174 1163 173 1163 172 1163 138 1169 118 1164 117 1164 116 1164 116 1164 94 1171 82 1164 81 1164 80 1164 79 1164 47 1165 48 1203"/></Shape>
            <String CONTENT="Ne lestrangier, qui en tes portes hante."
                    HPOS="47"
                    VPOS="1159"
                    WIDTH="682"
                    HEIGHT="58"
                    WC="0.9873460844159127"></String>
          </TextLine>
          <TextLine ID="eSc_line_26764dc3"
                    TAGREFS="LT8"
                    BASELINE="47 1250 726 1243" 
                    HPOS="46"
                    VPOS="1204"
                    WIDTH="680"
                    HEIGHT="62">
            <Shape><Polygon POINTS="47 1250 47 1260 77 1260 89 1266 90 1266 90 1266 137 1259 147 1266 148 1266 149 1266 150 1266 188 1261 215 1266 216 1266 217 1266 245 1258 350 1258 385 1264 386 1264 431 1258 462 1263 463 1263 554 1255 563 1261 564 1261 565 1261 566 1262 593 1262 593 1261 594 1261 595 1261 604 1255 637 1261 638 1261 639 1261 640 1261 649 1254 676 1260 677 1260 726 1259 726 1243 723 1210 621 1211 608 1205 607 1205 606 1205 605 1205 590 1212 530 1212 515 1205 514 1205 513 1205 512 1205 498 1211 466 1204 465 1204 428 1205 428 1205 427 1205 419 1210 409 1205 408 1205 407 1205 361 1206 360 1206 334 1213 312 1206 311 1206 311 1206 310 1206 289 1211 285 1207 284 1207 283 1207 282 1207 239 1215 181 1207 181 1207 180 1207 156 1215 135 1207 134 1207 133 1207 132 1207 116 1212 46 1208 47 1250"/></Shape>
            <String CONTENT="Car en six iours le Seigneur glorieux"
                    HPOS="46"
                    VPOS="1204"
                    WIDTH="680"
                    HEIGHT="62"
                    WC="0.9936309182966078"></String>
          </TextLine>
          <TextLine ID="eSc_line_e6bba89b"
                    TAGREFS="LT8"
                    BASELINE="50 1297 231 1293 668 1294" 
                    HPOS="49"
                    VPOS="1254"
                    WIDTH="619"
                    HEIGHT="56">
            <Shape><Polygon POINTS="50 1297 50 1310 100 1304 114 1310 115 1310 116 1310 157 1310 157 1310 158 1310 159 1310 159 1309 166 1303 294 1303 310 1310 311 1310 311 1310 312 1310 333 1303 352 1310 353 1310 354 1310 355 1310 373 1304 516 1310 517 1310 518 1310 538 1303 563 1309 564 1309 611 1303 621 1310 622 1310 623 1310 623 1310 657 1310 657 1310 658 1310 659 1310 668 1302 668 1294 667 1262 652 1262 643 1254 642 1254 641 1254 640 1254 639 1254 617 1261 581 1256 580 1256 543 1261 505 1254 504 1254 468 1262 410 1262 392 1256 391 1256 322 1254 321 1254 320 1254 298 1261 282 1254 281 1254 280 1254 279 1254 266 1259 254 1254 253 1254 252 1254 210 1261 189 1254 188 1254 187 1254 186 1254 156 1261 108 1254 107 1254 106 1254 92 1261 73 1254 72 1254 71 1254 70 1254 49 1261 50 1297"/></Shape>
            <String CONTENT="Feit, ⁊ la terre, ⁊ la mer, ⁊ les cieux,"
                    HPOS="49"
                    VPOS="1254"
                    WIDTH="619"
                    HEIGHT="56"
                    WC="0.9917058065533638"></String>
          </TextLine>
          <TextLine ID="eSc_line_8ea05462"
                    TAGREFS="LT8"
                    BASELINE="50 1343 439 1338 633 1340" 
                    HPOS="49"
                    VPOS="1298"
                    WIDTH="584"
                    HEIGHT="59">
            <Shape><Polygon POINTS="50 1343 50 1351 61 1356 62 1356 63 1356 64 1356 64 1356 64 1355 69 1351 131 1351 140 1357 141 1357 142 1357 142 1357 182 1350 207 1350 214 1356 215 1356 216 1356 217 1356 218 1356 233 1351 240 1356 241 1356 242 1356 243 1356 244 1356 255 1351 291 1356 292 1356 293 1356 308 1349 327 1355 328 1355 329 1355 414 1348 427 1354 428 1354 428 1354 457 1348 489 1353 490 1353 511 1348 531 1354 532 1354 532 1354 632 1350 633 1340 632 1306 571 1298 570 1298 569 1298 551 1305 487 1301 486 1301 427 1306 421 1301 421 1300 420 1300 419 1300 388 1300 387 1300 386 1300 369 1305 347 1300 346 1300 317 1307 310 1301 310 1300 309 1300 308 1300 291 1300 290 1300 289 1300 273 1308 222 1302 221 1302 195 1308 188 1301 187 1301 186 1301 185 1301 140 1309 97 1302 96 1302 49 1307 50 1343"/></Shape>
            <String CONTENT="Tout ce qui est en iceux composa,"
                    HPOS="49"
                    VPOS="1298"
                    WIDTH="584"
                    HEIGHT="59"
                    WC="0.999158835772312"></String>
          </TextLine>
          <TextLine ID="eSc_line_bde59c65"
                    TAGREFS="LT8"
                    BASELINE="46 1389 639 1384" 
                    HPOS="45"
                    VPOS="1344"
                    WIDTH="594"
                    HEIGHT="67">
            <Shape><Polygon POINTS="46 1389 46 1401 107 1400 116 1406 116 1406 117 1406 118 1406 119 1406 135 1401 157 1406 158 1406 187 1400 228 1411 229 1411 230 1411 231 1411 232 1411 248 1400 278 1400 295 1410 296 1410 297 1410 298 1411 341 1411 341 1410 394 1408 395 1408 396 1408 408 1399 420 1405 421 1405 422 1405 484 1397 544 1407 545 1407 545 1407 570 1397 588 1407 589 1407 590 1407 639 1395 639 1384 636 1350 610 1350 597 1344 596 1344 595 1344 594 1344 575 1350 516 1346 515 1346 514 1346 497 1350 468 1344 467 1344 467 1344 435 1352 415 1346 415 1346 414 1346 326 1353 316 1346 315 1346 314 1346 313 1346 289 1350 250 1346 249 1346 248 1346 222 1354 215 1348 215 1347 214 1347 213 1347 212 1347 211 1347 189 1354 131 1348 130 1348 129 1348 107 1355 84 1348 83 1348 82 1348 45 1353 46 1389"/></Shape>
            <String CONTENT="Au iour septiesme apres se reposa:"
                    HPOS="45"
                    VPOS="1344"
                    WIDTH="594"
                    HEIGHT="67"
                    WC="0.9985197677331812"></String>
          </TextLine>
          <TextLine ID="eSc_line_8d576fb3"
                    TAGREFS="LT8"
                    BASELINE="737 783 778 783" 
                    HPOS="736"
                    VPOS="737"
                    WIDTH="40"
                    HEIGHT="77">
            <Shape><Polygon POINTS="736 782 736 800 774 814 776 782 775 737 736 741 736 782"/></Shape>
            <String CONTENT="4"
                    HPOS="736"
                    VPOS="737"
                    WIDTH="40"
                    HEIGHT="77"
                    WC="0.9924874305725098"></String>
          </TextLine>
        </TextBlock>
        <TextBlock HPOS="435"
                   VPOS="1383"
                   WIDTH="311"
                   HEIGHT="90"
                   ID="eSc_textblock_55c997c1"
                   TAGREFS="BT17">
          <Shape><Polygon POINTS="435 1473 435 1383 746 1383 746 1473"/></Shape>
          <TextLine ID="eSc_line_2ab10b08"
                    TAGREFS="LT8"
                    BASELINE="467 1436 731 1429" 
                    HPOS="465"
                    VPOS="1387"
                    WIDTH="266"
                    HEIGHT="64">
            <Shape><Polygon POINTS="725 1391 720 1389 692 1397 673 1387 672 1387 671 1387 625 1388 579 1400 570 1394 569 1394 568 1394 567 1394 522 1400 512 1392 511 1392 510 1392 509 1392 465 1393 467 1436 467 1451 504 1444 579 1451 580 1451 635 1449 636 1449 660 1440 695 1444 696 1444 730 1438 731 1429 727 1392 725 1391"/></Shape>
            <String CONTENT="B 5 Dont"
                    HPOS="465"
                    VPOS="1387"
                    WIDTH="266"
                    HEIGHT="64"
                    WC="0.9957848265767097"></String>
          </TextLine>
        </TextBlock>
        <TextBlock HPOS="728"
                   VPOS="543"
                   WIDTH="74"
                   HEIGHT="292"
                   ID="eSc_textblock_32720b98"
                   TAGREFS="BT13">
          <Shape><Polygon POINTS="802 835 791 547 728 543 728 828"/></Shape>
          <TextLine ID="eSc_line_a7771798"
                    TAGREFS="LT8"
                    BASELINE="739 620 768 620" 
                    HPOS="737"
                    VPOS="567"
                    WIDTH="30"
                    HEIGHT="80">
            <Shape><Polygon POINTS="737 619 737 642 765 647 767 619 767 570 737 567 737 619"/></Shape>
            <String CONTENT="3"
                    HPOS="737"
                    VPOS="567"
                    WIDTH="30"
                    HEIGHT="80"
                    WC="0.9999992847442627"></String>
          </TextLine>
        </TextBlock>
      </PrintSpace>
    </Page>
  </Layout>
</alto>
