<?xml version="1.0" encoding="UTF-8"?>
<alto xmlns:xsi="http://www.w3.org/2001/XMLSchema-instance"
      xmlns="http://www.loc.gov/standards/alto/ns-v4#"
      xsi:schemaLocation="http://www.loc.gov/standards/alto/ns-v4# http://www.loc.gov/standards/alto/v4/alto-4-2.xsd">
  <Description>
    <MeasurementUnit>pixel</MeasurementUnit>
    <sourceImageInformation>
      <fileName>CRRJM08.pdf_page_24.png</fileName>
      <fileIdentifier>pdf//CRRJM08.pdf</fileIdentifier>
    </sourceImageInformation>
  </Description>
  <Tags>
    <OtherTag ID="BT7" LABEL="CustomZone" DESCRIPTION="block type CustomZone"/><OtherTag ID="BT8" LABEL="DamageZone" DESCRIPTION="block type DamageZone"/><OtherTag ID="BT9" LABEL="DigitizationArtefactZone" DESCRIPTION="block type DigitizationArtefactZone"/><OtherTag ID="BT10" LABEL="DropCapitalZone" DESCRIPTION="block type DropCapitalZone"/><OtherTag ID="BT11" LABEL="GraphicZone" DESCRIPTION="block type GraphicZone"/><OtherTag ID="BT12" LABEL="MainZone" DESCRIPTION="block type MainZone"/><OtherTag ID="BT13" LABEL="MarginTextZone" DESCRIPTION="block type MarginTextZone"/><OtherTag ID="BT14" LABEL="MusicZone" DESCRIPTION="block type MusicZone"/><OtherTag ID="BT15" LABEL="NumberingZone" DESCRIPTION="block type NumberingZone"/><OtherTag ID="BT17" LABEL="QuireMarksZone" DESCRIPTION="block type QuireMarksZone"/><OtherTag ID="BT18" LABEL="RunningTitleZone" DESCRIPTION="block type RunningTitleZone"/><OtherTag ID="BT19" LABEL="SealZone" DESCRIPTION="block type SealZone"/><OtherTag ID="BT20" LABEL="StampZone" DESCRIPTION="block type StampZone"/><OtherTag ID="BT21" LABEL="TableZone" DESCRIPTION="block type TableZone"/><OtherTag ID="BT22" LABEL="TitlePageZone" DESCRIPTION="block type TitlePageZone"/>
    <OtherTag ID="LT7" LABEL="CustomLine" DESCRIPTION="line type CustomLine"/><OtherTag ID="LT8" LABEL="DefaultLine" DESCRIPTION="line type DefaultLine"/><OtherTag ID="LT9" LABEL="DropCapitalLine" DESCRIPTION="line type DropCapitalLine"/><OtherTag ID="LT10" LABEL="HeadingLine" DESCRIPTION="line type HeadingLine"/><OtherTag ID="LT11" LABEL="InterlinearLine" DESCRIPTION="line type InterlinearLine"/><OtherTag ID="LT12" LABEL="MusicLine" DESCRIPTION="line type MusicLine"/><OtherTag ID="LT1257" LABEL="default" DESCRIPTION="line type default"/>
  </Tags>
  <Layout>
    <Page WIDTH="1136"
          HEIGHT="1670"
          PHYSICAL_IMG_NR="23"
          ID="eSc_dummypage_">
      <PrintSpace HPOS="0"
                  VPOS="0"
                  WIDTH="1136"
                  HEIGHT="1670">
        <TextBlock HPOS="301"
                   VPOS="135"
                   WIDTH="118"
                   HEIGHT="80"
                   ID="eSc_textblock_1dfa1d84"
                   TAGREFS="BT15">
          <Shape><Polygon POINTS="301 135 301 215 419 215 419 135"/></Shape>
          <TextLine ID="eSc_line_1fa65724"
                    TAGREFS="LT8"
                    BASELINE="318 192 393 192" 
                    HPOS="317"
                    VPOS="136"
                    WIDTH="75"
                    HEIGHT="75">
            <Shape><Polygon POINTS="359 136 345 136 331 136 320 136 317 137 317 190 317 199 391 211 392 190 392 140 363 136 359 136"/></Shape>
            <String CONTENT="24"
                    HPOS="317"
                    VPOS="136"
                    WIDTH="75"
                    HEIGHT="75"
                    WC="0.9884214997291565"></String>
          </TextLine>
        </TextBlock>
        <TextBlock HPOS="576"
                   VPOS="133"
                   WIDTH="261"
                   HEIGHT="76"
                   ID="eSc_textblock_92280dea"
                   TAGREFS="BT18">
          <Shape><Polygon POINTS="576 133 576 209 837 209 837 133"/></Shape>
          <TextLine ID="eSc_line_9a3ddf07"
                    TAGREFS="LT10"
                    BASELINE="601 187 809 185" 
                    HPOS="600"
                    VPOS="142"
                    WIDTH="209"
                    HEIGHT="64">
            <Shape><Polygon POINTS="748 144 739 144 730 144 722 144 718 147 714 144 711 144 702 144 693 144 684 144 674 144 665 144 653 152 638 144 637 144 628 144 619 144 600 153 601 187 601 198 641 198 649 205 649 206 650 206 651 206 652 206 741 205 742 205 743 205 753 197 808 204 809 185 807 152 794 142 765 144 758 144"/></Shape>
            <String CONTENT="Confession"
                    HPOS="600"
                    VPOS="142"
                    WIDTH="209"
                    HEIGHT="64"
                    WC="0.9999880194664001"></String>
          </TextLine>
        </TextBlock>
        <TextBlock HPOS="350"
                   VPOS="192"
                   WIDTH="753"
                   HEIGHT="1230"
                   ID="eSc_textblock_72ddf85e"
                   TAGREFS="BT12">
          <Shape><Polygon POINTS="350 192 374 1412 1103 1422 1099 200"/></Shape>
          <TextLine ID="eSc_line_7f38ecb6"
                    TAGREFS="LT8"
                    BASELINE="380 243 965 240" 
                    HPOS="379"
                    VPOS="197"
                    WIDTH="604"
                    HEIGHT="61">
            <Shape><Polygon POINTS="945 206 943 205 803 197 802 197 801 197 767 208 693 208 684 200 683 200 682 200 681 200 680 200 668 205 650 198 649 198 648 198 647 198 621 205 606 198 605 198 604 198 513 199 455 208 405 199 404 199 403 199 379 206 380 243 380 257 415 252 422 256 423 256 424 256 425 256 475 252 482 257 483 257 484 257 485 257 531 252 546 258 547 258 548 258 549 258 575 251 630 251 634 255 634 256 635 256 636 256 637 256 671 251 686 257 687 257 688 257 689 257 690 257 697 252 752 257 753 257 754 257 774 250 817 256 818 256 819 256 841 250 853 256 854 256 855 256 965 256 965 240 983 210 955 207"/></Shape>
            <String CONTENT="La ou il sied a la dextre du Pere,"
                    HPOS="379"
                    VPOS="197"
                    WIDTH="604"
                    HEIGHT="61"
                    ></String>
          </TextLine>
          <TextLine ID="eSc_line_a27b61aa"
                    TAGREFS="LT8"
                    BASELINE="395 288 1043 287" 
                    HPOS="394"
                    VPOS="253"
                    WIDTH="649"
                    HEIGHT="52">
            <Shape><Polygon POINTS="1034 256 1025 254 1024 253 394 253 395 288 396 305 414 296 477 296 488 304 489 304 490 304 490 304 491 304 516 296 577 296 590 304 591 304 592 305 647 305 647 304 648 304 676 296 754 296 764 304 765 304 766 304 767 305 789 305 789 304 790 304 791 304 802 296 845 296 853 303 853 304 854 304 855 304 856 304 937 297 947 304 948 304 949 304 950 304 983 296 1003 304 1004 304 1005 304 1006 304 1027 296 1041 298 1043 287 1041 258 1034 256"/></Shape>
            <String CONTENT="Pere eternel, qui tout peut ⁊ tempere:"
                    HPOS="394"
                    VPOS="253"
                    WIDTH="649"
                    HEIGHT="52"
                    WC="0.9868822866364529"></String>
          </TextLine>
          <TextLine ID="eSc_line_e52b5f35"
                    TAGREFS="LT8"
                    BASELINE="382 334 902 333" 
                    HPOS="381"
                    VPOS="293"
                    WIDTH="521"
                    HEIGHT="56">
            <Shape><Polygon POINTS="382 334 383 348 402 343 426 348 426 348 427 348 428 348 445 343 495 343 510 349 511 349 512 349 513 349 540 343 589 349 590 349 591 349 602 344 615 349 616 349 617 349 671 342 718 348 719 348 720 348 739 342 750 346 751 346 752 346 787 344 792 347 792 348 793 348 794 348 795 348 818 344 833 348 834 348 835 348 902 346 902 333 900 303 864 297 863 297 836 302 825 296 824 296 823 296 773 302 761 293 761 293 760 293 738 293 737 293 736 293 735 293 723 302 710 293 710 293 709 293 654 293 653 293 652 293 651 293 633 304 597 304 586 296 585 296 584 296 583 296 582 296 581 296 573 303 565 298 564 298 563 298 562 298 547 303 514 294 513 294 512 294 473 303 462 294 461 294 460 294 459 294 458 294 445 298 405 294 404 294 403 294 381 303 382 334"/></Shape>
            <String CONTENT="Et doibt encor de la uenir icy"
                    HPOS="381"
                    VPOS="293"
                    WIDTH="521"
                    HEIGHT="56"
                    WC="0.9895933250586192"></String>
          </TextLine>
          <TextLine ID="eSc_line_7eb6a7a2"
                    TAGREFS="LT8"
                    BASELINE="389 386 555 380 1069 380" 
                    HPOS="388"
                    VPOS="337"
                    WIDTH="681"
                    HEIGHT="61">
            <Shape><Polygon POINTS="1066 344 1064 341 1019 337 1019 337 1018 337 994 346 924 337 923 337 922 337 921 337 912 346 894 338 893 338 892 338 891 338 890 338 890 339 881 347 857 347 813 339 812 339 768 346 757 338 756 338 755 338 754 338 753 338 736 347 691 347 659 338 658 338 658 338 657 338 634 348 572 348 560 342 559 342 558 342 557 342 544 347 530 339 529 339 529 339 528 339 527 339 511 347 441 347 425 339 424 339 423 339 388 339 389 386 389 398 443 392 476 397 477 397 504 391 531 396 532 396 609 391 620 397 621 397 622 397 623 397 624 397 632 391 662 397 663 397 784 391 795 397 796 397 797 397 798 397 815 389 892 389 924 396 925 397 954 397 954 396 955 396 955 396 966 389 994 394 995 394 996 394 997 394 1003 389 1011 396 1012 396 1013 396 1014 397 1034 397 1034 396 1035 396 1036 396 1045 389 1068 394 1069 380 1068 348 1066 344"/></Shape>
            <String CONTENT="Iuger les mortz, ⁊ les uiuantz aussi."
                    HPOS="388"
                    VPOS="337"
                    WIDTH="681"
                    HEIGHT="61"
                    WC="0.9884432715338629"></String>
          </TextLine>
          <TextLine ID="eSc_line_9df06b31"
                    TAGREFS="LT8"
                    BASELINE="424 427 1068 424" 
                    HPOS="423"
                    VPOS="385"
                    WIDTH="645"
                    HEIGHT="59">
            <Shape><Polygon POINTS="424 427 424 437 440 443 441 443 442 443 443 443 444 443 452 437 471 444 472 444 473 444 474 444 492 439 500 444 501 444 502 444 503 444 576 437 620 444 621 444 622 444 623 444 630 437 673 436 705 443 706 443 707 443 708 443 717 437 768 443 769 443 770 443 771 443 780 436 907 442 908 442 909 442 932 436 941 442 942 442 942 442 943 443 983 443 983 442 984 442 998 436 1028 442 1029 442 1067 435 1068 424 1066 393 1009 393 1002 386 1002 385 1001 385 1000 385 999 385 938 392 869 385 868 385 867 385 851 393 836 386 835 386 834 386 792 393 771 386 770 386 769 386 768 386 743 394 632 394 619 387 619 387 618 387 617 387 594 394 550 394 543 387 542 387 542 387 541 387 423 389 424 427"/></Shape>
            <String CONTENT="Au saĩct esprit ma ferme foy ay mise."
                    HPOS="423"
                    VPOS="385"
                    WIDTH="645"
                    HEIGHT="59"
                    WC="0.9945333066739535"></String>
          </TextLine>
          <TextLine ID="eSc_line_5b290d7a"
                    TAGREFS="LT8"
                    BASELINE="391 476 526 473 1068 474" 
                    HPOS="391"
                    VPOS="433"
                    WIDTH="677"
                    HEIGHT="57">
            <Shape><Polygon POINTS="391 476 391 489 435 483 464 489 464 490 586 490 586 489 587 489 606 483 656 483 664 489 665 489 666 489 667 490 726 490 726 489 727 489 728 489 735 483 749 489 750 489 751 489 752 489 773 483 787 489 787 489 788 490 821 490 821 489 822 489 823 489 831 483 867 489 868 489 869 489 888 483 920 483 928 488 929 488 929 488 930 488 931 488 945 483 973 489 974 489 1006 483 1027 489 1028 489 1029 489 1030 489 1031 489 1038 483 1067 482 1068 474 1067 440 1048 440 1040 433 1039 433 1038 433 1037 433 1036 433 1023 437 1014 433 1013 433 1012 433 975 435 974 435 973 435 968 439 912 434 911 434 910 434 909 434 903 439 884 435 883 435 882 435 854 439 841 433 840 433 839 433 839 433 838 433 827 439 800 433 799 433 768 440 625 440 612 435 611 435 610 435 609 435 608 435 602 439 591 433 590 433 513 433 512 433 511 433 501 437 490 433 490 433 489 433 488 433 473 438 455 433 454 433 391 433 391 476"/></Shape>
            <String CONTENT="Ie croy la saincte ⁊ catholique Eglise."
                    HPOS="391"
                    VPOS="433"
                    WIDTH="677"
                    HEIGHT="57"
                    WC="0.9976330567628909"></String>
          </TextLine>
          <TextLine ID="eSc_line_72b313e3"
                    TAGREFS="LT8"
                    BASELINE="391 523 1058 518" 
                    HPOS="390"
                    VPOS="478"
                    WIDTH="668"
                    HEIGHT="60">
            <Shape><Polygon POINTS="391 523 391 538 439 537 440 537 441 537 451 531 508 537 509 537 510 537 525 530 606 536 607 536 608 536 632 530 770 535 771 535 813 528 821 534 822 534 823 534 824 534 887 528 913 534 914 534 957 527 975 533 976 533 977 533 1016 528 1031 533 1032 533 1032 533 1033 533 1058 526 1058 518 1056 485 925 478 924 478 923 478 896 485 844 479 843 479 842 479 841 479 834 486 705 486 695 480 694 480 693 480 692 480 597 481 596 481 595 481 589 487 574 481 573 481 572 481 571 481 570 481 561 487 538 481 537 481 536 481 535 481 515 488 449 488 430 482 429 482 428 482 390 486 391 523"/></Shape>
            <String CONTENT="Ie croy des sainctz, ⁊ des fideles une"
                    HPOS="390"
                    VPOS="478"
                    WIDTH="668"
                    HEIGHT="60"
                    WC="0.989601481901972"></String>
          </TextLine>
          <TextLine ID="eSc_line_434e8b5f"
                    TAGREFS="LT8"
                    BASELINE="386 567 1070 565" 
                    HPOS="385"
                    VPOS="526"
                    WIDTH="685"
                    HEIGHT="58">
            <Shape><Polygon POINTS="386 567 386 577 429 577 442 583 443 583 444 584 506 584 506 583 507 583 529 577 614 577 624 581 625 581 626 581 680 577 725 581 726 581 727 581 736 577 743 582 744 582 745 582 746 583 817 583 817 582 818 582 819 582 830 576 1069 579 1070 565 1068 534 995 533 989 527 988 527 987 527 986 527 985 527 972 532 949 526 948 526 947 526 880 533 385 530 386 567"/></Shape>
            <String CONTENT="Uraye uniõ: entre eux en tout cõmune."
                    HPOS="385"
                    VPOS="526"
                    WIDTH="685"
                    HEIGHT="58"
                    WC="0.9713429701633942"></String>
          </TextLine>
          <TextLine ID="eSc_line_9fd2695d"
                    TAGREFS="LT8"
                    BASELINE="386 616 946 613" 
                    HPOS="385"
                    VPOS="570"
                    WIDTH="561"
                    HEIGHT="60">
            <Shape><Polygon POINTS="386 616 386 627 505 624 546 630 547 630 580 623 598 629 599 629 600 629 601 629 602 629 611 623 618 629 618 629 619 629 619 629 620 629 646 624 663 629 664 629 665 629 666 629 680 623 706 623 721 629 722 629 722 629 760 622 798 629 799 629 886 629 886 629 887 629 888 629 897 622 911 629 912 629 913 629 945 626 946 613 944 580 908 573 907 573 906 573 889 579 879 571 879 570 878 570 877 570 832 570 831 570 830 570 809 580 736 580 714 571 713 571 712 571 660 578 648 571 647 571 603 571 602 571 601 571 581 580 567 573 566 573 565 573 564 573 548 580 516 576 515 576 514 576 496 581 391 572 390 572 389 572 388 572 388 573 387 573 385 576 386 616"/></Shape>
            <String CONTENT="De noz pechez pleine remission."
                    HPOS="385"
                    VPOS="570"
                    WIDTH="561"
                    HEIGHT="60"
                    WC="0.9903255143473225"></String>
          </TextLine>
          <TextLine ID="eSc_line_8b90ca51"
                    TAGREFS="LT8"
                    BASELINE="385 658 911 658" 
                    HPOS="385"
                    VPOS="619"
                    WIDTH="526"
                    HEIGHT="56">
            <Shape><Polygon POINTS="385 658 385 668 458 674 459 674 494 668 518 668 524 673 524 674 525 674 526 674 527 674 528 674 548 668 556 674 557 674 558 674 559 674 583 669 594 674 595 674 596 674 627 668 648 674 649 674 650 675 684 675 684 674 684 674 685 674 692 668 755 674 756 674 757 674 769 668 844 668 910 674 911 658 911 627 890 627 885 621 885 620 884 620 883 620 882 620 881 620 859 626 789 621 788 621 787 621 768 626 727 619 726 619 725 619 724 619 718 625 700 620 699 620 698 620 661 626 646 619 645 619 645 619 644 619 627 626 613 619 612 619 611 619 610 619 585 626 567 619 566 619 565 619 564 619 539 626 509 620 508 620 507 620 506 620 497 626 385 620 385 658"/></Shape>
            <String CONTENT="Et de la chair la resurrection."
                    HPOS="385"
                    VPOS="619"
                    WIDTH="526"
                    HEIGHT="56"
                    WC="0.9990201496308849"></String>
          </TextLine>
          <TextLine ID="eSc_line_8153a160"
                    TAGREFS="LT8"
                    BASELINE="389 706 987 706" 
                    HPOS="389"
                    VPOS="665"
                    WIDTH="598"
                    HEIGHT="55">
            <Shape><Polygon POINTS="389 706 389 719 420 714 486 719 487 719 537 714 617 719 618 720 698 720 698 719 699 719 710 715 772 719 773 719 774 719 774 719 774 719 779 714 794 719 795 719 796 719 844 715 859 719 860 719 861 719 897 714 952 719 953 719 987 713 987 706 987 668 929 665 929 665 928 665 909 673 867 673 854 665 853 665 852 665 829 665 828 665 827 665 826 665 816 673 802 673 792 665 791 665 790 665 760 665 759 665 758 665 734 672 711 665 710 665 710 665 709 665 708 665 696 673 659 673 646 665 645 665 645 665 644 665 643 665 642 665 629 673 558 673 546 665 545 665 544 665 543 665 542 665 530 669 489 665 488 665 440 672 408 665 407 665 406 665 389 672 389 706"/></Shape>
            <String CONTENT="Finablement croy la uie eternelle."
                    HPOS="389"
                    VPOS="665"
                    WIDTH="598"
                    HEIGHT="55"
                    WC="0.9855370644260856"></String>
          </TextLine>
          <TextLine ID="eSc_line_07f93990"
                    TAGREFS="LT8"
                    BASELINE="392 752 1067 751" 
                    HPOS="391"
                    VPOS="709"
                    WIDTH="676"
                    HEIGHT="61">
            <Shape><Polygon POINTS="392 752 392 770 461 770 462 770 482 761 513 761 526 768 527 768 528 768 529 768 546 761 568 761 580 768 580 768 581 768 582 768 583 768 584 768 593 762 622 770 623 770 624 770 684 770 684 770 684 770 685 770 693 765 702 770 703 770 704 770 705 770 722 761 754 770 755 770 756 770 800 761 900 761 914 768 915 768 916 768 916 768 939 761 965 770 966 770 967 770 998 763 1011 768 1012 768 1013 768 1014 768 1033 761 1065 763 1067 751 1065 719 1048 719 1038 709 1037 709 1036 709 1035 709 987 718 916 710 915 710 882 718 806 712 805 712 804 712 787 718 778 711 777 711 776 711 775 711 755 714 744 709 743 709 742 709 741 709 710 718 662 718 649 709 648 709 647 709 646 709 604 719 564 719 542 709 542 709 541 709 507 717 484 709 483 709 411 709 410 709 409 709 391 717 392 752"/></Shape>
            <String CONTENT="Telle est ma foy, ⁊ ueul mourir en elle."
                    HPOS="391"
                    VPOS="709"
                    WIDTH="676"
                    HEIGHT="61"
                    WC="0.9966246664524079"></String>
          </TextLine>
          <TextLine ID="eSc_line_fea391be"
                    TAGREFS="LT10"
                    BASELINE="488 797 977 796" 
                    HPOS="487"
                    VPOS="756"
                    WIDTH="490"
                    HEIGHT="56">
            <Shape><Polygon POINTS="489 812 504 807 527 811 528 811 597 807 642 807 648 811 649 811 650 811 651 811 680 807 723 807 730 811 731 811 732 811 733 811 976 809 977 796 975 764 942 756 941 756 917 763 900 756 899 756 850 756 849 756 848 756 847 756 847 757 839 763 820 756 819 756 818 756 817 756 816 756 807 763 792 757 791 757 790 757 789 757 788 757 782 764 748 764 737 756 736 756 735 756 702 763 487 757 488 797"/></Shape>
            <String CONTENT="¶ Les dix cõmandemẽs de"
                    HPOS="487"
                    VPOS="756"
                    WIDTH="490"
                    HEIGHT="56"
                    WC="0.9905008673667908"></String>
          </TextLine>
          <TextLine ID="eSc_line_3cd458db"
                    TAGREFS="LT10"
                    BASELINE="573 843 879 846" 
                    HPOS="572"
                    VPOS="803"
                    WIDTH="307"
                    HEIGHT="58">
            <Shape><Polygon POINTS="572 850 617 853 623 860 624 860 625 860 626 860 658 854 674 860 675 860 676 861 692 861 692 860 693 860 694 860 701 853 722 860 723 860 724 860 748 853 785 861 786 861 878 855 879 846 877 809 802 810 778 804 777 804 718 804 717 804 716 804 703 809 658 809 651 803 650 803 649 803 648 803 647 803 627 809 602 803 601 803 573 806 573 843"/></Shape>
            <String CONTENT="la Loy de Dieu."
                    HPOS="572"
                    VPOS="803"
                    WIDTH="307"
                    HEIGHT="58"
                    WC="0.9992547035217285"></String>
          </TextLine>
          <TextLine ID="eSc_line_3d738d8a"
                    TAGREFS="LT8"
                    BASELINE="429 889 1016 891" 
                    HPOS="429"
                    VPOS="847"
                    WIDTH="587"
                    HEIGHT="59">
            <Shape><Polygon POINTS="429 889 429 905 481 905 481 904 482 904 483 904 490 899 569 905 570 905 571 905 593 899 611 905 612 905 613 905 614 905 623 900 682 905 683 905 715 899 753 906 754 906 755 906 778 900 805 906 806 906 870 900 914 900 919 905 919 906 920 906 921 906 922 906 923 906 947 900 1014 904 1016 891 1015 859 975 850 974 850 973 850 972 850 962 857 944 852 943 852 942 852 942 852 929 856 920 848 919 848 918 848 866 848 865 848 864 848 850 856 841 850 840 850 839 850 839 850 838 850 837 850 837 851 828 859 794 859 781 851 780 851 779 851 778 851 777 851 769 858 735 858 720 849 719 849 718 849 717 849 694 858 612 858 605 852 604 852 603 852 602 852 583 856 573 847 572 847 571 847 530 847 529 847 529 847 528 847 516 858 489 858 470 847 469 847 429 847 429 889"/></Shape>
            <String CONTENT="Lors Dieu parla ces parolles icy"
                    HPOS="429"
                    VPOS="847"
                    WIDTH="587"
                    HEIGHT="59"
                    WC="0.9811010360717773"></String>
          </TextLine>
          <TextLine ID="eSc_line_be406f5d"
                    TAGREFS="LT8"
                    BASELINE="386 937 988 936" 
                    HPOS="385"
                    VPOS="896"
                    WIDTH="603"
                    HEIGHT="57">
            <Shape><Polygon POINTS="386 937 387 953 405 947 445 953 446 953 447 953 472 947 506 953 507 953 557 947 583 947 591 952 591 953 592 953 593 953 593 953 631 947 659 947 666 953 667 953 668 953 669 953 707 947 721 952 722 952 722 953 766 953 766 952 767 952 768 952 775 946 795 951 796 951 797 951 833 946 860 952 861 952 862 952 863 952 882 946 968 952 969 952 970 952 988 945 988 936 986 904 968 904 959 897 959 896 958 896 957 896 956 896 955 896 936 904 877 904 859 896 858 896 857 896 856 896 839 903 825 897 824 897 823 897 822 897 821 897 812 903 804 898 803 898 802 898 749 896 748 896 706 903 675 897 674 897 673 897 651 905 610 905 603 899 603 898 602 898 601 898 551 897 550 897 549 897 524 905 462 905 400 897 399 897 398 897 385 902 386 937"/></Shape>
            <String CONTENT="Le peuple oyant, auq̃l il dist ainsi/"
                    HPOS="385"
                    VPOS="896"
                    WIDTH="603"
                    HEIGHT="57"
                    WC="0.9893583123748367"></String>
          </TextLine>
          <TextLine ID="eSc_line_8a042175"
                    TAGREFS="LT8"
                    BASELINE="383 989 499 983 1057 984" 
                    HPOS="381"
                    VPOS="936"
                    WIDTH="675"
                    HEIGHT="63">
            <Shape><Polygon POINTS="978 936 966 944 932 937 931 937 636 944 627 937 626 937 625 937 623 937 584 944 545 937 544 937 508 944 481 936 480 936 478 936 477 936 448 944 421 936 420 936 419 936 417 936 389 943 385 937 382 988 381 999 1055 993 1056 983 1055 936 982 936 981 936 980 936 978 936"/></Shape>
            <String CONTENT="Moymesme suis le seigñr tõ uray dieu"
                    HPOS="381"
                    VPOS="936"
                    WIDTH="675"
                    HEIGHT="63"
                    WC="0.9896131251987658"></String>
          </TextLine>
          <TextLine ID="eSc_line_ecf45199"
                    TAGREFS="LT8"
                    BASELINE="389 1028 1006 1030" 
                    HPOS="388"
                    VPOS="989"
                    WIDTH="618"
                    HEIGHT="59">
            <Shape><Polygon POINTS="389 1028 388 1038 445 1043 446 1043 484 1040 498 1046 499 1046 500 1047 568 1047 568 1046 568 1046 593 1040 641 1045 642 1045 643 1045 660 1040 698 1047 699 1048 754 1048 754 1047 755 1047 756 1047 765 1041 804 1047 805 1047 806 1047 820 1040 857 1040 870 1047 871 1047 872 1047 873 1047 890 1040 933 1046 934 1046 962 1041 973 1047 974 1047 975 1047 1006 1040 1006 1030 1004 990 985 996 945 990 944 990 943 990 928 995 911 990 910 990 909 990 908 990 907 990 900 995 895 991 895 990 894 990 893 990 834 990 833 990 832 990 811 999 706 999 685 990 684 990 684 990 662 995 656 989 655 989 654 989 622 989 621 989 620 989 601 997 586 989 585 989 584 989 583 989 570 997 509 997 501 990 500 990 499 990 498 990 451 997 413 989 412 989 411 989 389 996 389 1028"/></Shape>
            <String CONTENT="Qui tay tire Degypte, ⁊ du milieu"
                    HPOS="388"
                    VPOS="989"
                    WIDTH="618"
                    HEIGHT="59"
                    WC="0.9996315403418108"></String>
          </TextLine>
          <TextLine ID="eSc_line_e580313f"
                    TAGREFS="LT8"
                    BASELINE="387 1077 1012 1075" 
                    HPOS="387"
                    VPOS="1035"
                    WIDTH="625"
                    HEIGHT="59">
            <Shape><Polygon POINTS="387 1077 387 1087 464 1087 479 1092 480 1092 481 1092 482 1092 496 1087 528 1093 529 1093 529 1093 552 1087 571 1093 572 1093 573 1094 636 1094 636 1093 637 1093 638 1093 644 1088 655 1091 656 1091 657 1091 658 1091 669 1087 697 1093 698 1093 699 1093 716 1086 763 1086 779 1092 780 1092 781 1093 840 1093 840 1092 872 1086 898 1092 899 1092 900 1093 992 1093 992 1092 993 1092 1012 1085 1012 1075 1010 1044 947 1038 946 1038 945 1038 932 1042 922 1035 921 1035 920 1035 919 1035 918 1035 889 1042 794 1039 793 1039 688 1044 654 1036 653 1036 652 1036 651 1036 632 1044 620 1039 619 1039 619 1039 618 1039 606 1044 596 1036 595 1036 594 1036 593 1036 593 1036 581 1041 552 1039 551 1039 550 1039 549 1039 542 1045 516 1045 492 1036 491 1036 490 1036 387 1036 387 1077"/></Shape>
            <String CONTENT="De la maison de seruage ⁊ desmoy."
                    HPOS="387"
                    VPOS="1035"
                    WIDTH="625"
                    HEIGHT="59"
                    WC="0.992685961000847"></String>
          </TextLine>
          <TextLine ID="eSc_line_eb61b8a7"
                    TAGREFS="LT8"
                    BASELINE="401 1122 1072 1122" 
                    HPOS="401"
                    VPOS="1082"
                    WIDTH="671"
                    HEIGHT="56">
            <Shape><Polygon POINTS="1070 1082 1027 1082 1026 1082 1025 1082 1024 1082 1013 1090 901 1090 881 1082 880 1082 879 1082 800 1090 733 1090 716 1082 715 1082 714 1082 713 1082 698 1088 682 1082 681 1082 680 1082 679 1082 678 1082 669 1089 662 1084 661 1084 660 1084 659 1084 633 1089 518 1084 517 1084 495 1088 474 1082 473 1082 472 1082 401 1085 401 1122 401 1131 439 1131 448 1138 449 1138 450 1138 451 1138 487 1131 590 1131 622 1138 623 1138 670 1131 699 1138 700 1138 732 1131 780 1131 800 1138 801 1138 802 1138 846 1131 903 1138 904 1138 1009 1132 1032 1138 1033 1138 1034 1138 1071 1130 1072 1122 1071 1087 1070 1082"/></Shape>
            <String CONTENT="Tu nauras poĩt dautres dieux deuãt"
                    HPOS="401"
                    VPOS="1082"
                    WIDTH="671"
                    HEIGHT="56"
                    WC="0.9925511876742045"></String>
          </TextLine>
          <TextLine ID="eSc_line_75d41874"
                    TAGREFS="LT8"
                    BASELINE="973 1169 1067 1169" 
                    HPOS="971"
                    VPOS="1130"
                    WIDTH="95"
                    HEIGHT="61">
            <Shape><Polygon POINTS="971 1169 971 1191 1066 1191 1066 1169 1066 1134 971 1130 971 1169"/></Shape>
            <String CONTENT="(moy"
                    HPOS="971"
                    VPOS="1130"
                    WIDTH="95"
                    HEIGHT="61"
                    ></String>
          </TextLine>
          <TextLine ID="eSc_line_6b3c874e"
                    TAGREFS="LT8"
                    BASELINE="393 1169 404 1168 959 1169" 
                    HPOS="391"
                    VPOS="1123"
                    WIDTH="566"
                    HEIGHT="64">
            <Shape><Polygon POINTS="392 1169 391 1180 538 1180 555 1187 556 1187 558 1187 956 1180 957 1169 956 1132 721 1124 719 1124 552 1131 530 1124 529 1124 527 1124 526 1124 510 1131 487 1124 485 1124 484 1124 483 1124 453 1131 392 1123 392 1169"/></Shape>
            <String CONTENT="Taillee image ou q̃lcõque figure"
                    HPOS="391"
                    VPOS="1123"
                    WIDTH="566"
                    HEIGHT="64"
                    ></String>
          </TextLine>
          <TextLine ID="eSc_line_b5454c7e"
                    TAGREFS="LT8"
                    BASELINE="387 1212 952 1214" 
                    HPOS="387"
                    VPOS="1175"
                    WIDTH="565"
                    HEIGHT="57">
            <Shape><Polygon POINTS="387 1212 387 1221 442 1227 443 1227 477 1223 490 1230 491 1230 492 1230 522 1223 546 1229 547 1229 548 1229 549 1229 561 1223 595 1223 624 1230 625 1230 626 1230 652 1223 669 1231 670 1231 671 1231 705 1225 718 1231 719 1231 720 1232 810 1232 810 1231 811 1231 812 1231 819 1224 841 1231 842 1231 843 1231 878 1224 915 1231 916 1231 916 1231 917 1231 917 1230 924 1224 951 1224 952 1214 951 1183 854 1183 839 1177 839 1177 838 1177 837 1177 836 1177 828 1183 793 1183 784 1176 783 1176 782 1176 781 1176 780 1176 764 1182 740 1176 739 1176 738 1176 737 1176 723 1183 700 1183 691 1176 690 1176 689 1176 688 1176 656 1181 581 1175 580 1175 554 1181 547 1175 546 1175 545 1175 497 1175 496 1175 495 1175 481 1181 470 1176 469 1176 468 1176 467 1176 455 1182 434 1182 427 1176 427 1175 426 1175 426 1175 425 1175 387 1177 387 1212"/></Shape>
            <String CONTENT="Ne te feras des choses de nature"
                    HPOS="387"
                    VPOS="1175"
                    WIDTH="565"
                    HEIGHT="57"
                    WC="0.9928678069263697"></String>
          </TextLine>
          <TextLine ID="eSc_line_9e2b0e92"
                    TAGREFS="LT8"
                    BASELINE="387 1261 1072 1261" 
                    HPOS="387"
                    VPOS="1220"
                    WIDTH="685"
                    HEIGHT="58">
            <Shape><Polygon POINTS="387 1261 387 1276 425 1271 462 1275 463 1275 464 1275 477 1271 486 1276 487 1276 488 1276 489 1276 490 1276 503 1271 518 1277 519 1277 520 1277 521 1277 533 1271 572 1276 573 1276 574 1276 575 1276 581 1271 606 1276 607 1276 646 1271 656 1277 657 1277 658 1277 658 1278 680 1278 680 1277 711 1271 725 1277 726 1277 727 1278 810 1278 810 1277 811 1277 823 1271 835 1277 836 1277 837 1278 881 1278 881 1277 920 1271 927 1275 928 1275 929 1275 929 1275 974 1271 981 1277 982 1277 983 1277 984 1278 1014 1278 1014 1277 1015 1277 1026 1271 1048 1275 1049 1275 1072 1270 1072 1261 1072 1220 1002 1220 1001 1220 1000 1220 981 1230 954 1230 944 1221 943 1221 942 1221 942 1221 941 1221 940 1221 931 1227 880 1224 879 1224 878 1224 877 1224 872 1229 837 1221 836 1221 835 1221 834 1221 824 1229 783 1223 782 1223 781 1223 759 1230 679 1230 662 1220 661 1220 660 1220 659 1220 639 1228 615 1221 614 1221 613 1221 570 1229 529 1227 520 1220 519 1220 518 1220 517 1220 455 1230 444 1230 434 1220 433 1220 432 1220 431 1220 387 1221 387 1261"/></Shape>
            <String CONTENT="Qui soit au ciel, ou au poͬpris terrestre"
                    HPOS="387"
                    VPOS="1220"
                    WIDTH="685"
                    HEIGHT="58"
                    WC="0.9989178951193647"></String>
          </TextLine>
          <TextLine ID="eSc_line_1cb7d641"
                    TAGREFS="LT8"
                    BASELINE="388 1307 1071 1309" 
                    HPOS="387"
                    VPOS="1266"
                    WIDTH="684"
                    HEIGHT="61">
            <Shape><Polygon POINTS="388 1307 387 1315 425 1324 426 1324 464 1317 488 1326 489 1326 490 1326 529 1319 574 1325 575 1325 576 1325 593 1317 610 1326 611 1326 612 1326 749 1323 787 1327 787 1327 788 1327 789 1327 800 1320 813 1327 814 1327 815 1327 860 1318 912 1323 913 1323 989 1318 1004 1327 1005 1327 1006 1327 1006 1327 1043 1319 1068 1327 1071 1309 1070 1274 1042 1274 1033 1267 1032 1267 1032 1267 1031 1267 1030 1267 1003 1273 968 1267 901 1267 900 1267 899 1267 898 1267 890 1274 785 1274 771 1267 770 1267 769 1267 734 1273 724 1266 723 1266 722 1266 722 1266 690 1271 685 1267 684 1267 684 1267 683 1267 682 1267 681 1267 673 1272 654 1266 653 1266 614 1266 613 1266 612 1266 598 1272 388 1268 388 1307"/></Shape>
            <String CONTENT="Ou qͥ es eaux dessoubz terre õt leͬ estre"
                    HPOS="387"
                    VPOS="1266"
                    WIDTH="684"
                    HEIGHT="61"
                    WC="0.9949065432662055"></String>
          </TextLine>
          <TextLine ID="eSc_line_b5668f82"
                    TAGREFS="LT8"
                    BASELINE="385 1350 931 1355" 
                    HPOS="384"
                    VPOS="1313"
                    WIDTH="547"
                    HEIGHT="57">
            <Shape><Polygon POINTS="385 1350 384 1360 394 1365 395 1365 396 1365 397 1365 410 1361 428 1365 429 1365 430 1365 485 1361 493 1366 494 1366 495 1366 496 1366 586 1361 627 1367 628 1367 692 1362 719 1368 720 1368 799 1363 813 1368 813 1368 814 1368 859 1364 864 1369 865 1369 866 1369 867 1370 930 1370 931 1355 931 1321 898 1317 897 1317 864 1324 841 1317 840 1317 839 1317 839 1317 821 1324 793 1316 792 1316 791 1316 790 1316 773 1323 740 1319 739 1319 638 1323 631 1318 630 1318 629 1318 628 1318 627 1318 614 1323 598 1316 597 1316 596 1316 595 1316 586 1321 581 1316 581 1315 580 1315 580 1315 579 1315 494 1322 477 1313 477 1313 451 1313 450 1313 449 1313 433 1321 421 1314 420 1314 385 1313 385 1350"/></Shape>
            <String CONTENT="A elles point tu ne tenclineras,"
                    HPOS="384"
                    VPOS="1313"
                    WIDTH="547"
                    HEIGHT="57"
                    WC="0.9817351512610912"></String>
          </TextLine>
          <TextLine ID="eSc_line_d9c7ed80"
                    TAGREFS="LT8"
                    BASELINE="385 1397 977 1402" 
                    HPOS="385"
                    VPOS="1359"
                    WIDTH="592"
                    HEIGHT="68">
            <Shape><Polygon POINTS="385 1397 385 1413 482 1411 510 1423 511 1423 512 1423 579 1412 597 1419 598 1419 599 1419 678 1413 695 1423 696 1423 697 1423 697 1423 698 1423 722 1413 758 1421 759 1421 796 1414 819 1425 820 1425 821 1425 852 1421 878 1426 879 1427 964 1427 964 1426 965 1426 976 1420 977 1402 976 1366 843 1368 828 1362 827 1362 826 1362 780 1368 740 1361 739 1361 699 1367 635 1361 634 1361 633 1361 632 1361 632 1361 627 1366 614 1361 613 1361 612 1361 611 1361 593 1366 578 1361 577 1361 576 1361 545 1365 512 1360 511 1360 483 1365 430 1359 429 1359 385 1363 385 1397"/></Shape>
            <String CONTENT="Et nullement tu ne leur seruiras."
                    HPOS="385"
                    VPOS="1359"
                    WIDTH="592"
                    HEIGHT="68"
                    WC="0.9899576685645364"></String>
          </TextLine>
          <TextLine ID="eSc_line_486b4e65"
                    TAGREFS="LT8"
                    BASELINE="245 997 377 990" 
                    HPOS="240"
                    VPOS="935"
                    WIDTH="135"
                    HEIGHT="86">
            <Shape><Polygon POINTS="243 996 243 1021 375 1010 375 989 371 936 331 935 329 935 328 935 292 953 240 958 243 996"/></Shape>
            <String CONTENT="Exod.20"
                    HPOS="240"
                    VPOS="935"
                    WIDTH="135"
                    HEIGHT="86"
                    ></String>
          </TextLine>
          <TextLine ID="eSc_line_5f522fcf"
                    TAGREFS="LT8"
                    BASELINE="335 1172 375 1170" 
                    HPOS="331"
                    VPOS="1134"
                    WIDTH="43"
                    HEIGHT="55">
            <Shape><Polygon POINTS="334 1171 335 1189 374 1180 374 1169 370 1134 331 1136 334 1171"/></Shape>
            <String CONTENT="2"
                    HPOS="331"
                    VPOS="1134"
                    WIDTH="43"
                    HEIGHT="55"
                    ></String>
          </TextLine>
        </TextBlock>
        <TextBlock HPOS="957"
                   VPOS="1398"
                   WIDTH="132"
                   HEIGHT="71"
                   ID="eSc_textblock_e7dc2de7"
                   TAGREFS="BT17">
          <Shape><Polygon POINTS="957 1398 957 1469 1089 1469 1089 1398"/></Shape>
          <TextLine ID="eSc_line_94dfeaba"
                    TAGREFS="LT8"
                    BASELINE="982 1451 1066 1448" 
                    HPOS="981"
                    VPOS="1409"
                    WIDTH="85"
                    HEIGHT="57">
            <Shape><Polygon POINTS="982 1451 982 1464 1065 1466 1066 1448 1063 1414 1031 1415 1006 1409 1006 1409 1005 1409 1004 1409 981 1414 982 1451"/></Shape>
            <String CONTENT="Car"
                    HPOS="981"
                    VPOS="1409"
                    WIDTH="85"
                    HEIGHT="57"
                    WC="0.9998300075531006"></String>
          </TextLine>
        </TextBlock>
        <TextBlock HPOS="309"
                   VPOS="1082"
                   WIDTH="78"
                   HEIGHT="132"
                   ID="eSc_textblock_59e7ddd8"
                   TAGREFS="BT13">
          <Shape><Polygon POINTS="330 1082 309 1204 387 1214 387 1082"/></Shape>
          <TextLine ID="eSc_line_bcc15819"
                    TAGREFS="LT8"
                    BASELINE="353 1123 362 1123" 
                    HPOS="353"
                    VPOS="1088"
                    WIDTH="31"
                    HEIGHT="54">
            <Shape><Polygon POINTS="353 1142 384 1141 362 1123 362 1088 353 1088 353 1123"/></Shape>
            <String CONTENT="1"
                    HPOS="353"
                    VPOS="1088"
                    WIDTH="31"
                    HEIGHT="54"
                    ></String>
          </TextLine>
        </TextBlock>
        <TextBlock HPOS="226"
                   VPOS="934"
                   WIDTH="169"
                   HEIGHT="103"
                   ID="eSc_textblock_c16f25d8"
                   TAGREFS="BT13">
          <Shape><Polygon POINTS="246 934 226 1031 395 1037 393 938"/></Shape>
        </TextBlock>
      </PrintSpace>
    </Page>
  </Layout>
</alto>
