<?xml version="1.0" encoding="UTF-8"?>
<alto xmlns:xsi="http://www.w3.org/2001/XMLSchema-instance"
      xmlns="http://www.loc.gov/standards/alto/ns-v4#"
      xsi:schemaLocation="http://www.loc.gov/standards/alto/ns-v4# http://www.loc.gov/standards/alto/v4/alto-4-2.xsd">
  <Description>
    <MeasurementUnit>pixel</MeasurementUnit>
    <sourceImageInformation>
      <fileName>CRRJM08.pdf_page_10.png</fileName>
      <fileIdentifier>pdf//CRRJM08.pdf</fileIdentifier>
    </sourceImageInformation>
  </Description>
  <Tags>
    <OtherTag ID="BT7" LABEL="CustomZone" DESCRIPTION="block type CustomZone"/><OtherTag ID="BT8" LABEL="DamageZone" DESCRIPTION="block type DamageZone"/><OtherTag ID="BT9" LABEL="DigitizationArtefactZone" DESCRIPTION="block type DigitizationArtefactZone"/><OtherTag ID="BT10" LABEL="DropCapitalZone" DESCRIPTION="block type DropCapitalZone"/><OtherTag ID="BT11" LABEL="GraphicZone" DESCRIPTION="block type GraphicZone"/><OtherTag ID="BT12" LABEL="MainZone" DESCRIPTION="block type MainZone"/><OtherTag ID="BT13" LABEL="MarginTextZone" DESCRIPTION="block type MarginTextZone"/><OtherTag ID="BT14" LABEL="MusicZone" DESCRIPTION="block type MusicZone"/><OtherTag ID="BT15" LABEL="NumberingZone" DESCRIPTION="block type NumberingZone"/><OtherTag ID="BT17" LABEL="QuireMarksZone" DESCRIPTION="block type QuireMarksZone"/><OtherTag ID="BT18" LABEL="RunningTitleZone" DESCRIPTION="block type RunningTitleZone"/><OtherTag ID="BT19" LABEL="SealZone" DESCRIPTION="block type SealZone"/><OtherTag ID="BT20" LABEL="StampZone" DESCRIPTION="block type StampZone"/><OtherTag ID="BT21" LABEL="TableZone" DESCRIPTION="block type TableZone"/><OtherTag ID="BT22" LABEL="TitlePageZone" DESCRIPTION="block type TitlePageZone"/>
    <OtherTag ID="LT7" LABEL="CustomLine" DESCRIPTION="line type CustomLine"/><OtherTag ID="LT8" LABEL="DefaultLine" DESCRIPTION="line type DefaultLine"/><OtherTag ID="LT9" LABEL="DropCapitalLine" DESCRIPTION="line type DropCapitalLine"/><OtherTag ID="LT10" LABEL="HeadingLine" DESCRIPTION="line type HeadingLine"/><OtherTag ID="LT11" LABEL="InterlinearLine" DESCRIPTION="line type InterlinearLine"/><OtherTag ID="LT12" LABEL="MusicLine" DESCRIPTION="line type MusicLine"/><OtherTag ID="LT1257" LABEL="default" DESCRIPTION="line type default"/>
  </Tags>
  <Layout>
    <Page WIDTH="1136"
          HEIGHT="1670"
          PHYSICAL_IMG_NR="9"
          ID="eSc_dummypage_">
      <PrintSpace HPOS="0"
                  VPOS="0"
                  WIDTH="1136"
                  HEIGHT="1670">
        <TextBlock HPOS="316"
                   VPOS="125"
                   WIDTH="87"
                   HEIGHT="74"
                   ID="eSc_textblock_d5b7619a"
                   TAGREFS="BT15">
          <Shape><Polygon POINTS="316 125 316 199 403 199 403 125"/></Shape>
          <TextLine ID="eSc_line_6a915ca7"
                    TAGREFS="LT8"
                    BASELINE="342 170 386 170" 
                    HPOS="342"
                    VPOS="135"
                    WIDTH="44"
                    HEIGHT="57">
            <Shape><Polygon POINTS="342 136 342 170 342 186 365 192 366 192 367 192 368 192 386 186 386 170 386 138 343 135 342 136"/></Shape>
            <String CONTENT="10"
                    HPOS="342"
                    VPOS="135"
                    WIDTH="44"
                    HEIGHT="57"
                    WC="0.9999988675117493"></String>
          </TextLine>
        </TextBlock>
        <TextBlock HPOS="599"
                   VPOS="115"
                   WIDTH="268"
                   HEIGHT="73"
                   ID="eSc_textblock_d8a96f7a"
                   TAGREFS="BT18">
          <Shape><Polygon POINTS="599 115 599 188 867 188 867 115"/></Shape>
          <TextLine ID="eSc_line_23de10ea"
                    TAGREFS="LT10"
                    BASELINE="625 171 829 169" 
                    HPOS="624"
                    VPOS="129"
                    WIDTH="205"
                    HEIGHT="61">
            <Shape><Polygon POINTS="791 134 787 132 782 132 773 131 763 131 754 131 748 131 744 132 742 131 735 131 726 131 717 130 708 130 704 130 694 134 689 130 680 130 671 129 661 129 652 129 643 129 638 129 624 135 625 171 625 181 674 181 693 190 694 190 695 190 764 189 765 189 781 180 802 189 803 189 804 189 829 183 829 169 827 139 821 134"/></Shape>
            <String CONTENT="Confession"
                    HPOS="624"
                    VPOS="129"
                    WIDTH="205"
                    HEIGHT="61"
                    WC="0.9994999468326569"></String>
          </TextLine>
        </TextBlock>
        <TextBlock HPOS="377"
                   VPOS="166"
                   WIDTH="743"
                   HEIGHT="1228"
                   ID="eSc_textblock_a15fa633"
                   TAGREFS="BT12">
          <Shape><Polygon POINTS="379 166 377 1394 1118 1394 1120 172"/></Shape>
          <TextLine ID="eSc_line_ef8dcff9"
                    TAGREFS="LT8"
                    BASELINE="439 223 1073 228" 
                    HPOS="438"
                    VPOS="180"
                    WIDTH="635"
                    HEIGHT="58">
            <Shape><Polygon POINTS="1071 194 1061 188 1052 188 1043 188 1033 188 1024 188 1015 187 1013 187 988 190 984 187 978 187 968 186 959 186 950 186 941 186 931 186 929 185 916 189 888 185 885 185 881 184 868 182 867 182 866 182 854 188 828 182 827 182 826 182 812 188 789 183 788 183 736 188 730 183 729 183 728 183 727 183 726 183 714 188 695 180 694 180 693 180 692 180 668 187 628 180 627 180 599 187 586 180 585 180 584 180 583 180 565 185 556 181 551 181 542 181 532 181 488 186 484 183 477 183 467 183 458 183 449 183 444 183 439 185 439 223 438 233 1071 238 1073 228 1073 197 1071 194"/></Shape>
            <String CONTENT="Croire ie ueul q̃ deux uiues fõteines"
                    HPOS="438"
                    VPOS="180"
                    WIDTH="635"
                    HEIGHT="58"
                    ></String>
          </TextLine>
          <TextLine ID="eSc_line_3dd185f6"
                    TAGREFS="LT8"
                    BASELINE="401 272 937 269" 
                    HPOS="400"
                    VPOS="228"
                    WIDTH="537"
                    HEIGHT="61">
            <Shape><Polygon POINTS="400 235 401 272 401 284 494 281 503 288 504 288 505 288 506 289 557 289 557 288 594 280 650 284 651 284 652 284 665 280 672 286 672 287 673 287 674 287 675 288 741 288 741 287 860 279 870 286 871 286 872 286 873 287 897 287 897 286 936 279 937 269 935 237 912 237 903 229 903 228 903 228 902 228 901 228 900 228 899 228 884 237 836 237 822 230 821 230 820 230 819 230 818 230 810 237 790 237 758 228 757 228 756 228 755 228 733 237 677 230 676 230 675 230 645 237 630 229 629 229 628 229 627 229 607 236 537 230 536 230 535 230 534 230 534 231 527 236 503 230 503 230 502 230 501 230 500 230 490 238 478 231 477 231 477 231 403 231 400 235"/></Shape>
            <String CONTENT="Sont yssues de son digne coste"
                    HPOS="400"
                    VPOS="228"
                    WIDTH="537"
                    HEIGHT="61"
                    WC="0.9960221449534098"></String>
          </TextLine>
          <TextLine ID="eSc_line_a992aad6"
                    TAGREFS="LT8"
                    BASELINE="401 319 1079 317" 
                    HPOS="400"
                    VPOS="276"
                    WIDTH="679"
                    HEIGHT="58">
            <Shape><Polygon POINTS="401 319 401 328 473 328 485 334 486 334 487 334 488 334 503 328 512 334 513 334 514 334 515 334 545 334 545 334 573 328 589 334 590 334 591 334 630 328 636 333 637 333 638 333 639 333 668 329 726 334 727 334 728 334 729 334 735 329 761 333 761 333 762 333 763 333 771 327 850 327 860 332 861 332 862 332 883 328 894 333 895 333 896 333 939 327 946 333 947 333 948 333 949 333 1005 328 1077 333 1079 317 1076 283 1028 283 990 276 965 276 964 276 963 276 947 284 925 284 915 276 914 276 913 276 912 276 911 276 891 283 858 276 857 276 832 282 806 276 805 276 804 276 781 282 760 277 759 277 758 277 757 277 735 285 617 285 606 278 606 278 605 278 604 278 510 283 503 278 503 277 502 277 501 277 483 277 482 277 481 277 462 284 451 277 451 277 450 277 449 277 400 278 401 319"/></Shape>
            <String CONTENT="De sang ⁊ eaue: ꝓuenãs de ses ueines"
                    HPOS="400"
                    VPOS="276"
                    WIDTH="679"
                    HEIGHT="58"
                    WC="0.987825413007994"></String>
          </TextLine>
          <TextLine ID="eSc_line_60ed262f"
                    TAGREFS="LT8"
                    BASELINE="401 362 1062 364" 
                    HPOS="401"
                    VPOS="323"
                    WIDTH="661"
                    HEIGHT="57">
            <Shape><Polygon POINTS="401 362 401 373 460 372 470 378 471 378 472 378 473 378 474 378 492 372 506 378 507 378 508 378 509 378 510 378 519 372 585 378 586 378 587 378 588 378 593 372 670 372 676 378 677 378 678 378 679 379 707 379 707 378 708 378 722 372 737 379 738 379 739 380 777 380 777 379 778 379 779 379 786 373 850 379 851 379 852 379 871 373 896 379 897 379 964 373 1015 379 1016 379 1061 372 1062 364 1061 334 1043 334 1032 324 1032 324 1031 324 1030 324 959 333 925 328 924 328 852 333 825 324 824 324 823 324 822 324 794 334 747 334 729 325 728 325 727 325 726 325 706 332 666 323 665 323 633 331 619 323 619 323 618 323 592 329 557 323 556 323 555 323 537 332 489 326 488 326 487 326 469 332 426 323 425 323 424 323 401 331 401 362"/></Shape>
            <String CONTENT="Qui cause sont quen paix auons este."
                    HPOS="401"
                    VPOS="323"
                    WIDTH="661"
                    HEIGHT="57"
                    WC="0.9896055029498206"></String>
          </TextLine>
          <TextLine ID="eSc_line_cdcca1f8"
                    TAGREFS="LT8"
                    BASELINE="400 409 1077 409" 
                    HPOS="400"
                    VPOS="370"
                    WIDTH="677"
                    HEIGHT="56">
            <Shape><Polygon POINTS="400 409 400 419 477 425 478 426 502 426 502 425 503 425 503 425 510 420 517 425 518 425 519 425 520 425 521 425 541 420 581 420 588 425 589 425 590 425 591 425 653 420 667 425 668 425 669 425 705 421 735 425 735 426 767 426 767 425 768 425 769 425 778 420 790 425 791 425 792 425 825 420 848 425 849 425 850 426 938 426 938 425 939 425 940 425 946 420 1031 420 1076 425 1077 409 1075 372 1063 376 1023 372 1022 372 999 376 980 370 979 370 978 370 977 370 962 376 937 371 936 371 935 371 934 371 927 377 892 377 873 370 872 370 871 370 836 376 823 370 822 370 800 370 799 370 798 370 797 370 787 376 741 376 734 370 733 370 732 370 710 370 710 370 709 370 708 370 697 377 653 377 642 370 641 370 640 370 591 370 590 370 589 370 566 377 526 377 512 370 511 370 510 370 509 370 490 377 461 377 448 370 447 370 446 370 400 372 400 409"/></Shape>
            <String CONTENT="De ces ruisseaux sont faictz ⁊ proiettez"
                    HPOS="400"
                    VPOS="370"
                    WIDTH="677"
                    HEIGHT="56"
                    WC="0.9853152692317962"></String>
          </TextLine>
          <TextLine ID="eSc_line_edad38c3"
                    TAGREFS="LT8"
                    BASELINE="400 453 1079 455" 
                    HPOS="400"
                    VPOS="416"
                    WIDTH="679"
                    HEIGHT="55">
            <Shape><Polygon POINTS="400 453 400 469 463 464 477 470 478 470 479 471 589 471 589 470 639 464 671 470 671 470 738 464 811 471 812 471 854 465 983 471 984 471 1023 465 1032 471 1032 471 1033 471 1034 471 1078 464 1079 455 1079 423 1071 419 1070 419 1069 419 1068 419 1025 423 1009 417 1008 417 1007 417 929 422 906 417 905 417 904 417 888 424 744 424 734 416 733 416 732 416 731 416 730 416 710 423 646 423 638 416 637 416 636 416 635 416 634 416 611 423 571 417 570 417 569 417 557 421 553 416 552 416 551 416 550 416 549 416 525 422 400 419 400 453"/></Shape>
            <String CONTENT="Deux sacremens dune grand efficace:"
                    HPOS="400"
                    VPOS="416"
                    WIDTH="679"
                    HEIGHT="55"
                    WC="0.9980231693812779"></String>
          </TextLine>
          <TextLine ID="eSc_line_bf1648d8"
                    TAGREFS="LT8"
                    BASELINE="399 500 849 500 1058 504" 
                    HPOS="398"
                    VPOS="461"
                    WIDTH="660"
                    HEIGHT="56">
            <Shape><Polygon POINTS="399 500 398 509 410 514 411 514 412 514 445 510 453 515 454 515 455 515 456 515 506 510 558 515 559 515 585 510 595 516 596 516 597 516 598 516 599 516 600 516 608 511 641 516 642 516 814 511 821 516 821 517 822 517 823 517 824 517 825 517 846 512 1056 517 1058 504 1057 469 988 462 987 462 877 468 864 462 864 462 863 462 833 468 811 462 810 462 809 462 782 468 695 468 679 462 678 462 677 462 676 462 666 467 660 462 659 462 658 462 613 462 612 462 611 462 597 467 547 461 546 461 486 466 466 461 465 461 464 461 464 461 448 466 418 461 417 461 416 461 399 466 399 500"/></Shape>
            <String CONTENT="Lesquelz noꝰ sont par foy manifestez,"
                    HPOS="398"
                    VPOS="461"
                    WIDTH="660"
                    HEIGHT="56"
                    WC="0.9755947541546177"></String>
          </TextLine>
          <TextLine ID="eSc_line_728a172d"
                    TAGREFS="LT8"
                    BASELINE="398 548 1046 548" 
                    HPOS="398"
                    VPOS="508"
                    WIDTH="648"
                    HEIGHT="54">
            <Shape><Polygon POINTS="398 548 399 562 421 556 458 562 459 562 504 556 549 562 550 562 585 556 631 556 639 562 640 562 641 562 642 562 643 562 665 556 698 562 699 562 768 561 769 561 770 561 776 556 785 562 786 562 787 562 787 562 1046 558 1046 548 1046 517 959 517 945 510 944 510 943 510 923 513 907 508 906 508 891 508 890 508 890 508 889 508 879 515 846 508 845 508 844 508 826 513 781 508 780 508 779 508 756 513 713 508 712 508 711 508 710 508 704 514 671 516 538 512 537 512 536 512 526 516 508 508 507 508 412 508 411 508 410 508 398 513 398 548"/></Shape>
            <String CONTENT="Cõsiderans en eux de Dieu la grace."
                    HPOS="398"
                    VPOS="508"
                    WIDTH="648"
                    HEIGHT="54"
                    WC="0.9916674494743347"></String>
          </TextLine>
          <TextLine ID="eSc_line_a973dd79"
                    TAGREFS="LT8"
                    BASELINE="441 591 1061 595" 
                    HPOS="440"
                    VPOS="552"
                    WIDTH="621"
                    HEIGHT="59">
            <Shape><Polygon POINTS="441 591 440 602 499 608 500 609 554 609 554 608 555 608 572 603 751 610 752 611 788 611 788 610 789 610 790 610 796 604 804 610 805 610 806 610 807 610 863 604 902 604 914 610 915 610 916 610 916 610 931 605 940 611 941 611 942 611 942 611 943 611 954 605 961 611 962 611 963 611 964 611 1060 607 1061 595 1061 562 1008 562 1000 554 999 554 998 554 961 554 960 554 959 554 958 554 958 555 951 561 910 556 909 556 833 560 824 554 823 554 822 554 821 554 820 554 800 559 787 553 786 553 785 553 756 558 747 552 746 552 745 552 744 552 743 552 724 560 706 560 698 553 698 552 697 552 697 552 696 552 695 552 671 558 607 552 606 552 606 552 605 552 600 556 597 553 596 553 595 553 594 553 543 558 535 552 534 552 533 552 532 552 531 552 517 558 481 552 480 552 441 557 441 591"/></Shape>
            <String CONTENT="Croire ie ueul que le p̃mier ruisseau"
                    HPOS="440"
                    VPOS="552"
                    WIDTH="621"
                    HEIGHT="59"
                    WC="0.9911020623671042"></String>
          </TextLine>
          <TextLine ID="eSc_line_beab6567"
                    TAGREFS="LT8"
                    BASELINE="401 641 989 639" 
                    HPOS="400"
                    VPOS="598"
                    WIDTH="589"
                    HEIGHT="58">
            <Shape><Polygon POINTS="401 641 402 656 427 649 449 649 458 655 459 655 460 655 461 655 462 655 481 649 548 649 560 655 561 655 562 655 563 655 564 655 574 649 607 649 645 655 646 655 702 648 724 655 725 655 726 655 755 648 786 655 787 655 787 655 807 648 844 655 845 655 950 648 957 654 957 655 958 655 959 655 960 655 988 655 989 639 987 607 906 607 881 598 880 598 879 598 852 599 852 599 851 599 840 606 813 606 804 599 803 599 802 599 801 599 800 599 788 603 784 599 784 598 783 598 782 598 781 598 780 598 751 606 718 606 709 598 708 598 707 598 706 598 674 599 673 599 672 599 672 600 664 606 632 600 631 600 630 600 629 600 618 608 570 608 546 599 545 599 544 599 510 603 499 599 498 599 497 599 400 599 401 641"/></Shape>
            <String CONTENT="Le sacrement de baptesme figure:"
                    HPOS="400"
                    VPOS="598"
                    WIDTH="589"
                    HEIGHT="58"
                    WC="0.9903820026665926"></String>
          </TextLine>
          <TextLine ID="eSc_line_b1fe2495"
                    TAGREFS="LT8"
                    BASELINE="399 683 1059 687" 
                    HPOS="398"
                    VPOS="644"
                    WIDTH="661"
                    HEIGHT="59">
            <Shape><Polygon POINTS="399 683 398 692 457 693 467 700 468 700 469 700 470 701 488 701 488 700 489 700 490 700 498 693 540 700 541 700 542 700 563 693 588 701 589 701 590 701 695 694 729 702 730 702 846 695 863 700 864 700 864 700 888 695 902 703 903 703 903 703 956 696 1041 701 1042 701 1043 701 1058 695 1059 687 1059 655 1025 648 1024 648 1023 648 1022 648 1016 655 950 655 941 648 940 648 939 648 938 648 895 654 871 646 870 646 869 646 839 654 819 654 808 646 807 646 806 646 805 646 685 652 671 645 670 645 669 645 627 652 597 645 596 645 568 652 548 644 547 644 546 644 447 651 435 644 434 644 433 644 399 650 399 683"/></Shape>
            <String CONTENT="Auquel ne fault regarder la pure eau"
                    HPOS="398"
                    VPOS="644"
                    WIDTH="661"
                    HEIGHT="59"
                    WC="0.9968958894411722"></String>
          </TextLine>
          <TextLine ID="eSc_line_5fde3404"
                    TAGREFS="LT8"
                    BASELINE="404 729 1012 732" 
                    HPOS="404"
                    VPOS="690"
                    WIDTH="608"
                    HEIGHT="58">
            <Shape><Polygon POINTS="404 729 404 745 479 740 490 746 490 746 491 746 492 746 520 740 528 745 528 746 529 746 529 746 530 747 575 747 575 746 576 746 592 740 606 747 606 747 607 747 639 741 774 747 774 747 775 747 776 747 786 741 804 741 814 748 815 748 816 748 817 748 856 742 892 747 893 747 938 742 948 748 949 748 950 748 951 748 952 748 970 742 1011 742 1012 732 1011 699 931 693 930 693 929 693 929 693 921 698 856 693 855 693 854 693 844 698 839 693 839 692 838 692 837 692 836 692 835 692 823 698 710 693 709 693 648 697 636 691 635 691 634 691 633 691 607 697 587 690 586 690 544 690 543 690 542 690 528 696 510 690 509 690 508 690 507 690 485 696 464 690 463 690 462 690 404 693 404 729"/></Shape>
            <String CONTENT="Plustost la foy regenerant nature:"
                    HPOS="404"
                    VPOS="690"
                    WIDTH="608"
                    HEIGHT="58"
                    WC="0.9994057066300336"></String>
          </TextLine>
          <TextLine ID="eSc_line_7408e402"
                    TAGREFS="LT8"
                    BASELINE="400 777 994 775" 
                    HPOS="400"
                    VPOS="738"
                    WIDTH="594"
                    HEIGHT="56">
            <Shape><Polygon POINTS="400 777 400 788 547 786 569 793 570 793 571 793 572 793 573 793 581 787 587 792 588 792 589 792 590 792 591 792 592 792 598 786 617 786 627 793 628 793 629 793 630 794 696 794 696 793 770 792 771 792 789 786 813 792 813 792 814 792 815 792 838 786 855 792 856 792 857 792 858 792 872 785 921 791 922 791 948 785 963 792 964 792 965 792 994 784 994 775 993 745 955 740 954 740 931 745 918 739 917 739 916 739 916 739 915 739 908 744 884 740 883 740 882 740 881 740 881 741 877 745 776 745 746 738 745 738 744 738 743 738 733 745 701 745 693 738 692 738 691 738 631 738 630 738 629 738 605 745 558 740 557 740 556 740 542 745 529 739 529 739 493 738 492 738 491 738 470 745 460 738 459 738 458 738 424 738 423 738 422 738 400 745 400 777"/></Shape>
            <String CONTENT="Qui laue aussi la paoure creature"
                    HPOS="400"
                    VPOS="738"
                    WIDTH="594"
                    HEIGHT="56"
                    WC="0.9999299175811537"></String>
          </TextLine>
          <TextLine ID="eSc_line_dfe95eec"
                    TAGREFS="LT8"
                    BASELINE="400 823 1005 822" 
                    HPOS="400"
                    VPOS="783"
                    WIDTH="605"
                    HEIGHT="59">
            <Shape><Polygon POINTS="400 823 402 839 412 834 500 834 516 841 516 841 517 841 518 841 539 836 567 841 568 841 568 841 589 834 609 841 610 841 611 842 694 842 694 841 695 841 696 841 708 834 737 834 748 841 749 841 750 841 751 841 781 835 822 840 823 840 824 840 825 840 833 834 878 841 879 841 880 841 906 835 914 841 915 841 916 841 916 841 1004 835 1005 822 1004 791 987 783 986 783 985 783 942 791 911 791 903 784 903 784 902 784 901 784 900 784 899 784 890 790 834 785 833 785 800 790 784 783 783 783 782 783 781 783 763 791 710 791 669 783 668 783 667 783 642 790 630 784 629 784 628 784 575 790 567 784 566 784 565 784 564 784 563 784 562 784 556 789 549 783 548 783 547 783 546 783 519 788 506 783 505 783 504 783 400 783 400 823"/></Shape>
            <String CONTENT="De lord peche (quon dict orgueil)"
                    HPOS="400"
                    VPOS="783"
                    WIDTH="605"
                    HEIGHT="59"
                    WC="0.999733446222363"></String>
          </TextLine>
          <TextLine ID="eSc_line_56e22044"
                    TAGREFS="LT8"
                    BASELINE="400 867 1023 869" 
                    HPOS="399"
                    VPOS="830"
                    WIDTH="624"
                    HEIGHT="56">
            <Shape><Polygon POINTS="400 867 399 876 437 882 438 882 472 877 484 884 485 884 486 884 487 884 503 877 642 877 649 883 649 884 650 884 651 884 652 884 710 877 735 885 736 885 737 886 850 886 850 885 851 885 867 880 898 885 899 885 900 885 918 879 948 885 949 885 950 885 951 885 959 878 967 884 968 884 968 884 969 884 970 884 985 880 1004 885 1005 885 1006 885 1006 885 1022 877 1023 869 1021 835 988 838 955 831 954 831 953 831 924 839 862 839 853 832 853 831 852 831 852 831 826 831 825 831 824 831 801 839 762 839 709 831 708 831 707 831 706 831 700 836 619 837 590 830 589 830 588 830 587 830 586 830 586 831 578 837 537 832 536 832 505 837 493 830 492 830 491 830 413 830 413 830 412 830 400 835 400 867"/></Shape>
            <String CONTENT="Et la remet en congnoissance pure"
                    HPOS="399"
                    VPOS="830"
                    WIDTH="624"
                    HEIGHT="56"
                    WC="0.9705948612906716"></String>
          </TextLine>
          <TextLine ID="eSc_line_a477fc8f"
                    TAGREFS="LT8"
                    BASELINE="400 917 523 913 1031 914" 
                    HPOS="400"
                    VPOS="873"
                    WIDTH="631"
                    HEIGHT="59">
            <Shape><Polygon POINTS="400 917 400 931 472 924 535 930 536 930 537 930 538 930 545 924 589 930 590 930 630 924 638 931 639 931 640 931 641 931 642 931 667 924 710 931 710 931 711 931 729 925 738 931 739 931 740 931 741 932 876 932 876 931 934 924 953 931 954 931 955 931 1030 924 1031 914 1031 880 1013 873 1012 873 1011 873 1010 873 991 883 938 883 928 876 927 876 926 876 925 876 924 876 910 883 777 883 763 873 762 873 761 873 761 873 760 873 741 881 732 873 731 873 730 873 680 873 679 873 644 882 633 873 632 873 632 873 606 873 605 873 604 873 580 882 566 873 565 873 564 873 503 873 502 873 501 873 500 873 493 880 464 881 455 873 454 873 453 873 426 873 426 873 425 873 400 881 400 917"/></Shape>
            <String CONTENT="Que Dieu seul est son pere naturel"
                    HPOS="400"
                    VPOS="873"
                    WIDTH="631"
                    HEIGHT="59"
                    WC="0.9813487284323749"></String>
          </TextLine>
          <TextLine ID="eSc_line_a951cc6e"
                    TAGREFS="LT8"
                    BASELINE="437 961 1084 961" 
                    HPOS="437"
                    VPOS="921"
                    WIDTH="647"
                    HEIGHT="57">
            <Shape><Polygon POINTS="1082 925 1042 921 1041 921 1040 921 1039 921 1030 927 1002 921 1001 921 1000 921 999 921 984 930 961 930 941 922 940 922 903 921 903 921 902 921 901 921 892 927 865 924 864 924 864 924 852 930 798 930 779 924 778 924 777 924 724 929 690 921 689 921 688 921 687 921 659 929 611 921 610 921 508 929 482 921 481 921 480 921 437 923 437 961 437 970 485 970 503 976 503 976 504 976 505 976 518 971 579 976 580 976 580 976 593 970 643 970 714 977 715 977 716 977 739 970 762 970 769 976 770 976 771 976 772 976 773 976 774 976 783 971 816 971 839 977 839 977 840 978 1022 978 1022 977 1023 977 1024 977 1034 971 1074 976 1075 976 1076 976 1077 976 1084 972 1084 961 1084 930 1082 925"/></Shape>
            <String CONTENT="Croire ie ueul que du ruisseau secõd"
                    HPOS="437"
                    VPOS="921"
                    WIDTH="647"
                    HEIGHT="57"
                    WC="0.9999049547556285"></String>
          </TextLine>
          <TextLine ID="eSc_line_a45f5082"
                    TAGREFS="LT8"
                    BASELINE="404 1007 1084 1007" 
                    HPOS="387"
                    VPOS="967"
                    WIDTH="697"
                    HEIGHT="57">
            <Shape><Polygon POINTS="425 1015 485 1022 486 1022 487 1022 510 1016 527 1023 528 1023 529 1024 553 1024 553 1023 554 1023 555 1023 555 1022 562 1016 618 1022 619 1022 666 1016 677 1022 678 1022 796 1023 797 1023 798 1023 799 1023 810 1016 833 1016 851 1023 852 1023 853 1023 862 1018 869 1023 870 1023 871 1023 872 1023 899 1018 1060 1023 1061 1023 1062 1023 1084 1015 1084 1007 1084 975 1056 967 1055 967 1054 967 1006 975 912 970 911 970 847 975 795 967 794 967 793 967 766 975 758 967 757 967 756 967 755 967 722 972 705 967 704 967 703 967 702 967 677 975 671 969 670 969 669 969 632 967 631 967 630 967 606 975 598 967 597 967 596 967 515 967 514 967 513 967 512 967 502 975 446 967 445 967 444 967 393 975 387 1021"/></Shape>
            <String CONTENT="(Qui est le sang) un sacremẽt notable"
                    HPOS="387"
                    VPOS="967"
                    WIDTH="697"
                    HEIGHT="57"
                    WC="0.9955193431753862"></String>
          </TextLine>
          <TextLine ID="eSc_line_44c4f2ea"
                    TAGREFS="LT8"
                    BASELINE="400 1052 1081 1053" 
                    HPOS="400"
                    VPOS="1013"
                    WIDTH="681"
                    HEIGHT="55">
            <Shape><Polygon POINTS="400 1052 400 1062 568 1067 569 1067 618 1061 623 1066 624 1066 625 1066 674 1067 675 1067 676 1067 677 1067 685 1061 737 1061 748 1066 748 1066 749 1066 813 1062 888 1068 889 1068 968 1062 980 1067 981 1067 981 1067 1038 1064 1079 1068 1081 1053 1079 1021 1024 1021 1003 1014 1002 1014 1001 1014 1000 1014 999 1014 991 1020 976 1014 975 1014 974 1014 924 1021 913 1014 912 1014 911 1014 885 1014 884 1014 883 1014 867 1022 788 1022 780 1016 779 1016 778 1016 777 1016 776 1016 775 1016 767 1021 710 1021 675 1013 674 1013 593 1018 586 1013 585 1013 584 1013 557 1013 556 1013 555 1013 531 1020 503 1013 503 1013 502 1013 459 1020 425 1013 424 1013 423 1013 400 1019 400 1052"/></Shape>
            <String CONTENT="En est yssu: leq̃l nous monstre au long"
                    HPOS="400"
                    VPOS="1013"
                    WIDTH="681"
                    HEIGHT="55"
                    WC="0.9997662305831909"></String>
          </TextLine>
          <TextLine ID="eSc_line_e52e5d3c"
                    TAGREFS="LT8"
                    BASELINE="400 1100 1006 1097" 
                    HPOS="400"
                    VPOS="1058"
                    WIDTH="606"
                    HEIGHT="57">
            <Shape><Polygon POINTS="400 1100 400 1114 423 1109 493 1115 494 1115 602 1108 613 1114 614 1114 615 1114 648 1108 736 1114 737 1114 759 1109 771 1114 772 1114 773 1114 774 1114 774 1114 783 1108 795 1114 796 1114 797 1114 844 1108 869 1113 870 1113 871 1113 883 1107 892 1112 893 1112 894 1112 895 1112 904 1107 910 1113 911 1113 912 1113 913 1114 988 1114 988 1113 989 1113 999 1107 1002 1110 1006 1097 1005 1066 978 1058 977 1058 976 1058 862 1066 852 1058 851 1058 850 1058 849 1058 800 1067 769 1067 761 1060 761 1059 760 1059 759 1059 758 1059 757 1059 741 1067 712 1067 602 1059 601 1059 600 1059 583 1066 569 1062 568 1062 568 1062 567 1062 550 1067 494 1060 493 1060 492 1060 491 1060 481 1067 458 1067 448 1060 447 1060 446 1060 416 1060 415 1060 414 1060 400 1067 400 1100"/></Shape>
            <String CONTENT="La charite tant doulce ⁊ fauorable"
                    HPOS="400"
                    VPOS="1058"
                    WIDTH="606"
                    HEIGHT="57"
                    WC="0.9871524993111106"></String>
          </TextLine>
          <TextLine ID="eSc_line_86fcf987"
                    TAGREFS="LT8"
                    BASELINE="401 1144 1072 1146" 
                    HPOS="400"
                    VPOS="1104"
                    WIDTH="672"
                    HEIGHT="57">
            <Shape><Polygon POINTS="401 1144 400 1153 430 1159 431 1159 478 1155 497 1160 498 1160 499 1160 641 1155 670 1160 671 1160 671 1160 690 1155 737 1161 738 1161 859 1160 860 1160 875 1156 890 1160 890 1160 891 1160 937 1156 955 1161 956 1161 957 1161 1018 1156 1033 1161 1034 1161 1035 1161 1071 1155 1072 1146 1072 1113 1054 1104 1053 1104 1005 1104 1004 1104 1003 1104 1002 1104 991 1113 868 1113 839 1104 838 1104 837 1104 836 1104 835 1104 825 1112 776 1105 775 1105 774 1105 748 1112 732 1104 731 1104 635 1104 634 1104 633 1104 616 1112 581 1112 572 1104 571 1104 570 1104 512 1104 511 1104 510 1104 494 1112 451 1112 424 1104 423 1104 422 1104 421 1104 401 1110 401 1144"/></Shape>
            <String CONTENT="Que Iesus Christ en sa Cene amyable"
                    HPOS="400"
                    VPOS="1104"
                    WIDTH="672"
                    HEIGHT="57"
                    WC="0.9906074115208217"></String>
          </TextLine>
          <TextLine ID="eSc_line_5608e816"
                    TAGREFS="LT8"
                    BASELINE="399 1189 1069 1191" 
                    HPOS="398"
                    VPOS="1153"
                    WIDTH="671"
                    HEIGHT="54">
            <Shape><Polygon POINTS="399 1189 398 1198 448 1200 455 1207 456 1207 457 1207 458 1207 500 1200 517 1207 518 1207 519 1207 520 1207 545 1200 684 1207 684 1207 685 1207 708 1200 726 1200 734 1207 734 1207 735 1207 735 1207 736 1207 785 1202 882 1207 883 1207 884 1207 885 1207 893 1201 981 1207 982 1207 983 1207 996 1202 1019 1207 1020 1207 1021 1207 1022 1207 1030 1201 1068 1201 1069 1191 1069 1161 1025 1156 1024 1156 981 1160 965 1154 964 1154 963 1154 962 1154 950 1160 932 1154 931 1154 930 1154 929 1154 914 1161 871 1161 858 1154 857 1154 827 1154 826 1154 826 1154 825 1154 817 1160 795 1156 794 1156 750 1160 731 1153 730 1153 729 1153 672 1159 654 1153 653 1153 623 1153 622 1153 621 1153 620 1153 612 1159 605 1154 604 1154 603 1154 602 1154 601 1154 586 1159 547 1153 546 1153 499 1159 399 1155 399 1189"/></Shape>
            <String CONTENT="Nous a monstre dune influente grace."
                    HPOS="398"
                    VPOS="1153"
                    WIDTH="671"
                    HEIGHT="54"
                    WC="0.9849981417258581"></String>
          </TextLine>
          <TextLine ID="eSc_line_e9255acf"
                    TAGREFS="LT8"
                    BASELINE="400 1238 1084 1238" 
                    HPOS="400"
                    VPOS="1197"
                    WIDTH="684"
                    HEIGHT="57">
            <Shape><Polygon POINTS="400 1238 400 1252 426 1246 453 1251 454 1251 478 1246 490 1252 490 1252 491 1252 492 1252 493 1252 500 1247 508 1253 509 1253 510 1253 511 1253 623 1246 643 1253 644 1253 645 1253 645 1253 646 1253 655 1246 683 1251 684 1252 684 1251 713 1246 764 1253 765 1253 828 1246 896 1253 897 1253 935 1246 956 1253 957 1253 958 1254 1012 1254 1012 1253 1013 1253 1029 1246 1084 1253 1084 1238 1084 1204 1025 1197 1024 1197 1023 1197 1007 1205 924 1205 903 1197 902 1197 901 1197 790 1204 770 1197 769 1197 768 1197 767 1197 748 1204 714 1197 713 1197 712 1197 699 1205 641 1205 621 1197 620 1197 619 1197 584 1204 570 1197 569 1197 537 1197 536 1197 486 1204 426 1197 426 1197 425 1197 400 1204 400 1238"/></Shape>
            <String CONTENT="Grace faict donc le paoure hõe capable"
                    HPOS="400"
                    VPOS="1197"
                    WIDTH="684"
                    HEIGHT="57"
                    WC="0.9993068636992039"></String>
          </TextLine>
          <TextLine ID="eSc_line_f49f5d5f"
                    TAGREFS="LT8"
                    BASELINE="400 1284 567 1281 1072 1284" 
                    HPOS="400"
                    VPOS="1242"
                    WIDTH="672"
                    HEIGHT="58">
            <Shape><Polygon POINTS="400 1284 400 1297 441 1298 442 1298 443 1298 444 1298 454 1291 529 1292 548 1298 549 1298 550 1298 592 1291 673 1291 740 1299 741 1299 780 1292 789 1297 790 1297 791 1297 852 1292 868 1299 869 1299 870 1300 941 1300 941 1299 942 1299 942 1299 951 1294 981 1299 982 1299 983 1299 1000 1293 1007 1299 1008 1299 1009 1299 1010 1299 1053 1293 1070 1297 1072 1284 1072 1251 1044 1243 1043 1243 1020 1243 1019 1243 1019 1243 1018 1243 1006 1251 942 1251 913 1243 912 1243 911 1243 910 1243 890 1251 842 1251 825 1243 824 1243 823 1243 751 1250 731 1242 730 1242 729 1242 728 1242 712 1247 699 1242 698 1242 616 1242 615 1242 614 1242 613 1242 600 1250 576 1250 561 1242 560 1242 543 1242 542 1242 542 1242 541 1242 531 1249 400 1245 400 1284"/></Shape>
            <String CONTENT="Du treshault biẽ, qͥ toꝰ les autre passe."
                    HPOS="400"
                    VPOS="1242"
                    WIDTH="672"
                    HEIGHT="58"
                    WC="0.9979889279320127"></String>
          </TextLine>
          <TextLine ID="eSc_line_1c724417"
                    TAGREFS="LT8"
                    BASELINE="447 1327 1062 1329" 
                    HPOS="447"
                    VPOS="1287"
                    WIDTH="615"
                    HEIGHT="58">
            <Shape><Polygon POINTS="447 1327 447 1342 639 1336 648 1343 649 1343 650 1343 651 1343 750 1336 763 1343 764 1343 765 1343 766 1343 777 1338 805 1344 806 1344 807 1344 808 1344 818 1337 832 1344 833 1344 834 1345 901 1345 901 1344 902 1344 903 1344 910 1338 918 1343 919 1343 920 1343 947 1338 958 1344 959 1344 960 1344 1000 1338 1026 1344 1027 1344 1061 1336 1062 1329 1061 1297 1035 1292 1034 1292 1016 1296 1006 1288 1006 1288 1005 1288 1004 1288 1003 1288 979 1297 930 1297 911 1289 910 1289 909 1289 908 1289 907 1289 907 1290 899 1297 879 1297 863 1288 862 1288 782 1288 781 1288 780 1288 754 1297 730 1297 720 1287 719 1287 718 1287 679 1287 678 1287 677 1287 663 1295 610 1287 609 1287 608 1287 607 1287 597 1296 559 1291 558 1291 557 1291 539 1296 532 1290 531 1290 530 1290 529 1290 494 1296 484 1288 483 1288 482 1288 481 1288 447 1295 447 1327"/></Shape>
            <String CONTENT="Croire ie ueul la catholicque eglise."
                    HPOS="447"
                    VPOS="1287"
                    WIDTH="615"
                    HEIGHT="58"
                    WC="0.9798529276976714"></String>
          </TextLine>
          <TextLine ID="eSc_line_bda92731"
                    TAGREFS="LT8"
                    BASELINE="402 1376 1084 1374" 
                    HPOS="401"
                    VPOS="1332"
                    WIDTH="683"
                    HEIGHT="78">
            <Shape><Polygon POINTS="402 1376 402 1390 426 1390 439 1397 440 1397 441 1397 442 1397 443 1397 454 1390 489 1390 536 1409 537 1409 538 1410 589 1410 589 1409 590 1409 639 1393 649 1400 650 1400 651 1400 652 1400 653 1400 679 1393 751 1400 752 1400 778 1398 779 1398 780 1398 791 1390 817 1408 818 1408 819 1408 820 1409 906 1409 906 1408 948 1401 949 1401 976 1389 1027 1395 1028 1395 1029 1395 1030 1395 1038 1388 1084 1387 1084 1374 1083 1339 1077 1336 1076 1336 1075 1336 1074 1336 1073 1336 1061 1341 1055 1336 1054 1336 1053 1336 1052 1336 1051 1336 1038 1342 927 1342 908 1332 907 1332 906 1332 905 1332 904 1332 893 1342 877 1342 847 1333 846 1333 770 1333 769 1333 768 1333 735 1342 722 1334 722 1334 721 1334 658 1333 658 1333 657 1333 656 1333 645 1341 608 1342 593 1333 593 1333 592 1333 519 1333 518 1333 517 1333 493 1343 456 1343 440 1333 439 1333 438 1333 438 1333 401 1333 402 1376"/></Shape>
            <String CONTENT="Dont Iesus christ est le chief ꝓpremẽt"
                    HPOS="401"
                    VPOS="1332"
                    WIDTH="683"
                    HEIGHT="78"
                    WC="0.9752953480451535"></String>
          </TextLine>
        </TextBlock>
        <TextBlock HPOS="951"
                   VPOS="1373"
                   WIDTH="146"
                   HEIGHT="78"
                   ID="eSc_textblock_2c3a9e8f"
                   TAGREFS="BT17">
          <Shape><Polygon POINTS="951 1373 951 1451 1097 1451 1097 1373"/></Shape>
          <TextLine ID="eSc_line_ec876236"
                    TAGREFS="LT8"
                    BASELINE="968 1425 1083 1422" 
                    HPOS="967"
                    VPOS="1378"
                    WIDTH="116"
                    HEIGHT="60">
            <Shape><Polygon POINTS="968 1425 968 1438 1082 1438 1083 1422 1080 1378 1041 1386 967 1381 968 1425"/></Shape>
            <String CONTENT="Duq̃l"
                    HPOS="967"
                    VPOS="1378"
                    WIDTH="116"
                    HEIGHT="60"
                    WC="0.9999992370605468"></String>
          </TextLine>
        </TextBlock>
      </PrintSpace>
    </Page>
  </Layout>
</alto>
