1136 1670
306 158 69 61 30

641 152 206 66 Confession

401 205 685 62 Les xp̃iens mais lõ peut biẽ cõgnoistre

409 257 677 58 Poͬ tout certaĩ, les fait plꝰ tost mourir

588 303 315 56 ¶ A linquisiteur.

404 350 670 56 Excecuteur des fouldres papistiques

406 395 666 57 Subtil bourreau dabbuz ecclesiastiq̃s

406 442 683 56 En ton uenter ꝑ trop tu te mescõptes:

405 488 680 60 Quãd poͬ tes faictz, faulx ⁊ diaboliq̃s

412 537 634 53 Persecutant paoures euangeliques

409 582 631 57 Tu es certain, ⁊ en fays desia conte

406 628 682 56 Que le trauail mis ꝑ toy poͬ leur hõte

403 675 542 56 Merite seul, paradis receuoir:

403 719 683 59 Las malheureux, tu es loĩg de tõ cõpte

403 766 623 57 Car pour cela, tu doibtz enfer auoir

609 811 279 60 ¶ Aux Iuges.

409 858 628 60 Iuges esleuz, par la secte ignorante

412 906 653 57 Paoures resueurs, aueuglez rassottiz

405 952 667 56 Uous auez faict procedure meschante

407 997 678 58 Ou lon a ueu uoz bons sens diuertys

407 1045 631 58 Car simples gens a la foy conuertiz

408 1090 544 58 Qui ont suiuy, de uerite le son

414 1136 634 58 Par lesprit sainct, qui les a aduertyz

408 1181 683 58 Uoꝰ ont monstre, au doyt uostre lecon.

632 1229 215 59 ¶ Dizain.

451 1273 641 59 Puys cinq cens ans, les pasticiers de

904 1226 185 55 (rõme

419 1323 672 56 Poͬ leͬ prouffict (autremẽt ne scay cõe

409 1371 624 64 Ont inuente, un mestier doublieur

1014 1409 66 68 De
