1065 1670
737 116 52 87 7

97 178 582 97 Confession de la foy

257 260 279 68 Chrestienne.

251 359 479 64 E croy de coeur, ⁊ confesse

286 411 172 51 de leures

251 451 481 64 En un seul Dieu le pere o¬

293 504 220 54 mnipotent:

54 549 676 53 Qui a cree, comme parfaictes oeuures,

53 591 601 62 La terre ⁊ ciel/ aussi le firmament.

52 645 623 52 Auquel ny a fin ne commencement,

55 685 681 59 Qui tout regist, tout modere, ⁊ ꝯduict:

56 732 674 59 Qui est tout bõ: souuerain, ⁊ puissant,

54 777 646 55 Et donne uie a tout ce quil produict.

99 822 625 63 Ie croy aussi en son filz Iesꝰ Christ,

57 870 596 57 Qui a este du monde redempteur.

57 915 674 58 Pareillement ie croy au sainct Esprit,

57 961 676 56 Qui est des bons, ladresse ⁊ cõducteur.

58 1004 539 64 Ie croy q̃ christ, ⁊ seul mediateͬ

56 1054 675 59 Uers nr̃e dieu, pour noz meschãs mef¬

605 1007 125 54 (faictz

56 1102 620 56 Car a porte, en angoisse ⁊ langueur

60 1146 679 58 Toꝰ les pechez, quauõs a iamaisfaictz

100 1191 641 58 Coire ie ueul, q̃ uoyant le bon Dieu

59 1237 681 58 Le grand dãgier: auq̃l nous auoit mis

58 1283 687 63 Le pere Adam: luy estant au hault lieu

59 1328 640 70 De paradis, nous a son filz promis

735 978 133 89 1.Tim.4

496 1372 271 75 A 4 Leq̃l

72 350 149 208 I
