1136 1670
391 157 67 72 14

651 155 203 63 Confession

467 210 633 58 Croire ie ueul que manger de ce pain

434 254 622 63 Qui donne uie, cest sasseurer en foy

434 303 674 56 Que les tormẽs de christ trop ĩhumaĩs

438 346 657 63 Sont les moyẽs par qͥ dieu noꝰ recoit.

430 394 623 58 Celuy la donc en ce poinct se deceoit

435 439 595 58 Qui met sa foy au pain materiel:

433 487 668 60 Car le meschãt (ainsi quon appercoit)

434 534 559 57 Mange le pain sans se purifier.

466 578 640 59 Croire ie ueul quen ce mesme passage

438 623 640 60 Il est au uray de ce pain uif touche:

433 672 658 56 Les disciples oyans ce hault ouurage

435 715 623 58 Sentirent fort leur esprit empesche.

435 761 664 59 Lors le Seigneur de leur erreur fasche

434 807 669 60 Leͬ dist. Ces motz uoꝰ ont scãdalizez?

435 854 549 56 Que sera ce si dans le ciel cache

434 898 631 62 Le filz de Dieu uisiblement uoyez?

448 943 598 60 Croire ie ueul que lesprit uiuifie

448 989 558 57 Et que la chair ne proffite de rien

436 1037 666 60 Car telz propos ne sont quesprit ⁊ uie,

434 1086 590 56 Et tout ainsi ie le croy ⁊ mantien.

435 1130 668 61 Doncq̃s poͬquoy p̃parons noꝰ les dẽs

435 1180 636 51 Affin quil soit dans le uentre renge?

435 1222 663 57 Estre debuons de lesprit seul contens,

435 1266 668 62 Ayons uraye foy, ⁊ nous lauõs mãge.

477 1313 615 60 Croire ie ueul que le corps glorieux

437 1359 625 70 De Iesus christ habite sans bouger

1049 1393 64 103 En

331 335 113 88 Ieh.6.

307 929 124 75 2.Cor.3.

328 993 103 59 Ieh.6.

293 1130 133 55 de cõsec.

295 1174 131 47 dist.2c.

293 1214 136 53 Ut quid

300 1262 103 48 paras.
