1136 1670
288 167 49 60 18

633 159 206 68 Confession

461 218 633 60 Croire ie ueul q̃ si plus nous pechõs

404 267 686 56 Encõtre Dieu ꝑ fortune ou malheur,

413 313 645 59 Il est certain que Iesus nous auons

406 357 600 53 Nostre aduocat ⁊ seul mediateur.

402 406 688 56 Adressons noꝰ dõc a luy en uray coeur,

403 452 691 58 Et non ailleurs, ou noꝰ luy feriõs tort:

413 498 540 59 Il est tousiours reconciliateur

403 545 687 58 Pour noz pechez, par sa tresdure mort

437 590 655 55 Croire ie ueul q̃ si nous faisons bien

402 637 689 56 Le bon uouloir de Dieu noꝰ y cõduict,

400 684 632 57 Nostre uouloir en cela ne peut rien:

410 730 642 59 Il est de soy a tout mal faire induict.

401 775 685 60 Dõques ainsi soit nostre esprit reduict,

402 822 645 54 Que nauons point darbitre liberal:

400 868 685 60 Car nostre bien est de ꝑ Dieu produict,

410 916 674 57 Et de par noꝰ, noꝰ prouiẽt nostre mal.

443 961 643 60 Croire ie ueul q̃ noz oeuures ⁊ faictz

406 1006 608 62 Pour le salut ne peuuent proffiter:

406 1049 667 68 Ains deuãt Dieu ilz sõt ordz ⁊ infectz,

398 1103 594 56 Et par iceux nul ne peut meriter.

396 1148 520 58 Car se seroit sa grace reiecter,

396 1194 688 56 Et telles gens iroyent ses faictz nyans

396 1240 663 58 Ce quil ne fault, mais les manifester,

398 1286 687 56 Ou aultremẽt il seroit mort poͬ neãt.

436 1331 648 58 Croire ie ueul q̃ noꝰ sõmes aux tẽps

397 1377 688 69 Nõmez derniers, p̃dictz ꝑ Iesꝰ Christ:

931 1428 155 62 Comme

284 354 118 78 1.Ieh.2.

261 590 137 66 2.Corĩ.3.

276 906 135 61 Hose.13.

277 1047 125 109 Thes.2
