4267 6200
2336 606 276 186 20z

1006 606 975 200 Chapitre .xxiiii.

399 754 1996 217 ne plaist point a Dieu mais cest pe¬

406 912 2003 210 che. Et si dauenture tu deuiens riche

423 1060 1986 193 sans ton soussy/ tu doibs remercier

420 1202 1992 210 Dieu ⁊ en user a son honneur. Mais

417 1350 1999 200 tu ne doibs point principalement la¬

417 1498 1988 182 bourer pour estre riche. Et ne te res¬

417 1646 2006 203 iouiras point pour tes richesses/ et si

420 1791 1996 193 tu deuiens paoure/ tu ne seras point

403 1939 2023 193 pourtãt triste/ mais feras simplemẽt

406 2087 2020 179 ton labeur en recommandant tout a

389 2225 2027 196 la bonne uolunte de Dieu/ quil te fa¬

406 2376 2023 183 ce paoure/ ou riche/ selon qail te con¬

413 2507 2016 190 gnoist estre salutaire. Et tu ne seras

434 2652 1999 172 point inuenteur de nouuelles guises

417 2796 2019 200 dabitz. Lar par ce est souuent le peu¬

420 2945 2013 196 ple induict a peche/ et a grãs despens

423 3089 2013 197 perduz. Mais tu pourras dire, si ie ne

417 3237 2012 190 le uueil faire/ un autre le fera/ ⁊ ainsi

434 3392 1975 162 ie ne treuue point douuraige. Ie diz

444 3530 1972 169 de rechief que nul ne la doibt faire.

437 3678 1982 179 Car si tu ne le uoulois point faire ne

434 3823 1989 182 pareillement un autre/ il demoureroit

430 3974 1989 190 bien a faire. Car cecy nest point ensei¬

434 4119 2009 186 gne pour un ou deux/ mais pour tout

427 4264 1996 186 le monde. Et tu ne despendras ia¬

427 4412 2009 213 mais tes biens inutilemẽt/ en faisant

2095 4574 317 193 sum¬
