4267 6225
1692 504 277 225 228

2232 501 1488 214 De deux gouuernemens.

1924 667 2121 211 coup de sang/ ⁊ use du glaiue/ nõ poĩt

1927 830 2128 193 quil eust faict mal/ ou iniustice/ mais

1927 982 2146 200 pource qͥl ne pouuoit en ce estre la figu

1924 1127 2149 207 re de Iesu Christ/ leq̃l auroit un royau

1920 1289 2153 194 me paysible ⁊ sans gloire. Mais dieu

1927 1435 2146 200 auoit cõmãde a Salomon dedifier le

1934 1590 2135 201 tẽple/ leq̃l auoit un royaume paysible:

1931 1743 2145 200 car Salomõ est interprete paysible ou

1934 1895 2146 211 pacifique/ par leq̃l le urayemẽt paysi¬

1934 2050 2146 201 ble royaume du uray Salomõ Iesu

1931 2199 2142 194 Christ pourroit estre figure ⁊ signifie.

1934 2344 2135 190 Dauãtaige en toute ledisicatiõ du tẽ¬

1948 2496 2097 187 ple de Dieu na iamais este ouy coup

1941 2635 2114 187 de fer/ ne de marteau/ ne de coignee/ ne

1944 2777 2111 204 dautre chose sẽblable: cõe il est escript

1966 2939 2076 197 au tiers liure des roys au Chapi. .ui.

1955 3084 2087 204 Toutes ces choses icy signifioyent q̃

1951 3237 2084 197 Iesus Christ auroit en son royaume

1951 3396 2084 190 un peuple uolũtaire sans cõtraincte/

1944 3544 2094 180 sans ꝯmãdemẽs/ sãs glaiue. Ce auoit

1941 3693 2094 204 aussi parauant prophetise le prophete

1944 3849 2077 197 Esaye/ disant: Ilz ne nuyront ⁊ ne oc

1941 4001 2062 190 ciront point en toute ma saincte mon

1937 4146 2046 194 taigne: car la terre est rẽplie de la scien

1937 4291 2039 197 ce du Seigñr Dieu/ cõme deaue de la

1940 4443 2029 253 mer qͥ le couure. Itẽ au Chap̃. .ii. dit le

3592 4620 377 218 mesme

1508 2946 394 194 3.reg.6.

1491 3873 384 225 Esa.11.

1491 4443 333 246 Esa.2.
