4267 6400
1713 643 342 185 200

2474 647 1160 199 La uie dun citoyen.

2094 800 1973 227 Et si tu scaiz que ton prochain est

1974 953 2090 238 de mauuaise uie/ et quil donne mau¬

1948 1123 2123 199 uais exemple aux autres Dieu te cõ

1941 1272 2130 210 mande en lEuangile que premiere¬

1945 1425 2119 203 ment tu ladmonneste seul et luy remõ

1941 1582 2119 195 stre doulcement en luy priant quil se

1937 1731 2123 206 ueuille amender. Et sil te oyt et obeit

1930 1880 2123 221 a ton cõseil Iesu Christ dit/ que tu as

1934 2040 2112 203 gaigne ton frere. Mais sil ne te ueult

1923 2197 2109 199 ouyr/ tu appelleras deux ou troys a¬

1916 2343 2070 195 mys/ ⁊ largueras en la p̃sence diceux.

1920 2471 2066 209 Et sil ne ueult encore obeyr/ tu ten

1920 2613 2090 227 plaindras (dit Iesu Christ) a ton pa¬

1923 2766 2087 224 steur/ affin quil puist estre redargue

1909 2919 2109 220 publicquement deuant la congrega¬

1905 3064 2105 228 tiõ des Chrestiẽs. Et sil demeure en¬

1902 3235 2091 206 core obstine sãs soy uouloir amẽder/

1898 3377 2088 217 tu le tiendras pour payen/ et pour un

1902 3523 2080 224 pecheur publique. Cest icy la reprehen

1898 3665 2066 239 sion fraternelle/ laquelle Iesu Christ

1891 3829 2059 217 nous a aprins/ en lEuangile. Aucun

1888 3982 2037 217 pourroit dire. Si mon frere Chrestien

1895 4120 2016 232 se courrouceoit a moy et me uousist

1881 4291 2019 206 battre. Ie te dis pour euiter cela/ tu te

1877 4433 2016 214 garderas de ladmõnester despitemẽt:

1877 4583 2009 234 ou en mocquant/ mais tu le prieras

3534 4775 366 220 douce¬

1497 945 439 205 Mat.18.
