4267 6154
2307 569 159 282 151.

902 642 927 195 Chapitre .xuiii.

368 2317 308 277 U

335 762 2078 267 lz se tiennent au cloistre tous differẽs

335 947 1996 218 des autres, ainsi questoint les Phari¬

345 1080 1997 236 siens. Tu ueois cõbien deuant Dieu

352 1230 1993 233 uault myeux ⁊ plꝰ pres est de la ue¬

341 1381 2021 222 rite/ un simple mesnager que un de

352 1528 1781 229 ces sainctz caphardz ⁊ hypocrites.

485 1675 1723 212 ¶ Dont ce uiẽt que les moines

444 1829 1757 188 ne uont point auant en uie spiri

446 1959 1743 200 tuelle, mqis deuiennent souuen¬

476 2102 1703 236 tesfoys pires. Chap̃.xuiii.

642 2270 1689 198 Eulz tu scauoir pourquoy on

687 2394 1656 221 uit maintenant sy laschemẽt es

376 2547 1979 215 monasteres, ⁊ pourquoy il en y a tãt qͥ

393 2690 1976 212 uouldroyent bien uuider? Cela ne se

382 2837 1997 216 faict pour autre cause nulle, fors que

386 2981 1990 222 pourtant quilz ny entrent point selon

386 3148 1986 192 la uocation de Dieu. Car lun y en¬

386 3288 1990 199 tre par necessite, poͬ auoir les despẽs.

403 3435 1980 199 Lautre pour deuenir un grand p̃lat.

406 3582 1973 199 Le tiers poͬ uiure oyseux, ⁊ poͬ auoit

403 3726 1976 198 le bon tẽps. Plusieurs poͬ uaine gloi

400 3880 1965 191 re, pour estre reputez saĩctz ⁊ deuotz,

403 4024 1990 198 et estre honorez du cõmun peuple, ou

403 4167 1983 209 aussi pour monstrer en preschãt quilz

410 4321 1976 191 sont saiges. Nul napprehende iceluy

403 4458 2004 263 estat dun tel esprit et couraige, cõme

1624 4601 776 270 K 4 iadiz
