<?xml version="1.0" encoding="UTF-8"?>
<alto xmlns:xsi="http://www.w3.org/2001/XMLSchema-instance"
      xmlns="http://www.loc.gov/standards/alto/ns-v4#"
      xsi:schemaLocation="http://www.loc.gov/standards/alto/ns-v4# http://www.loc.gov/standards/alto/v4/alto-4-2.xsd">
  <Description>
    <MeasurementUnit>pixel</MeasurementUnit>
    <sourceImageInformation>
      <fileName>La_somme_de_lescripture_saincte_...Luther_Martin_bpt6k328613m.pdf_page_190.png</fileName>
      <fileIdentifier>pdf//La_somme_de_lescripture_saincte_...Luther_Martin_bpt6k328613m.pdf</fileIdentifier>
    </sourceImageInformation>
  </Description>
  <Tags>
    <OtherTag ID="BT7" LABEL="CustomZone" DESCRIPTION="block type CustomZone"/><OtherTag ID="BT8" LABEL="DamageZone" DESCRIPTION="block type DamageZone"/><OtherTag ID="BT9" LABEL="DigitizationArtefactZone" DESCRIPTION="block type DigitizationArtefactZone"/><OtherTag ID="BT10" LABEL="DropCapitalZone" DESCRIPTION="block type DropCapitalZone"/><OtherTag ID="BT11" LABEL="GraphicZone" DESCRIPTION="block type GraphicZone"/><OtherTag ID="BT12" LABEL="MainZone" DESCRIPTION="block type MainZone"/><OtherTag ID="BT13" LABEL="MarginTextZone" DESCRIPTION="block type MarginTextZone"/><OtherTag ID="BT14" LABEL="MusicZone" DESCRIPTION="block type MusicZone"/><OtherTag ID="BT15" LABEL="NumberingZone" DESCRIPTION="block type NumberingZone"/><OtherTag ID="BT17" LABEL="QuireMarksZone" DESCRIPTION="block type QuireMarksZone"/><OtherTag ID="BT18" LABEL="RunningTitleZone" DESCRIPTION="block type RunningTitleZone"/><OtherTag ID="BT19" LABEL="SealZone" DESCRIPTION="block type SealZone"/><OtherTag ID="BT20" LABEL="StampZone" DESCRIPTION="block type StampZone"/><OtherTag ID="BT21" LABEL="TableZone" DESCRIPTION="block type TableZone"/><OtherTag ID="BT22" LABEL="TitlePageZone" DESCRIPTION="block type TitlePageZone"/><OtherTag ID="BT3120" LABEL="text" DESCRIPTION="block type text"/>
    <OtherTag ID="LT7" LABEL="CustomLine" DESCRIPTION="line type CustomLine"/><OtherTag ID="LT8" LABEL="DefaultLine" DESCRIPTION="line type DefaultLine"/><OtherTag ID="LT9" LABEL="DropCapitalLine" DESCRIPTION="line type DropCapitalLine"/><OtherTag ID="LT10" LABEL="HeadingLine" DESCRIPTION="line type HeadingLine"/><OtherTag ID="LT11" LABEL="InterlinearLine" DESCRIPTION="line type InterlinearLine"/><OtherTag ID="LT12" LABEL="MusicLine" DESCRIPTION="line type MusicLine"/><OtherTag ID="LT958" LABEL="default" DESCRIPTION="line type default"/>
  </Tags>
  <Layout>
    <Page WIDTH="4267"
          HEIGHT="6254"
          PHYSICAL_IMG_NR="189"
          ID="eSc_dummypage_">
      <PrintSpace HPOS="0"
                  VPOS="0"
                  WIDTH="4267"
                  HEIGHT="6254">
        <TextBlock HPOS="1617"
                   VPOS="542"
                   WIDTH="412"
                   HEIGHT="226"
                   ID="eSc_textblock_3b450a2e"
                   TAGREFS="BT15">
          <Shape><Polygon POINTS="1617 542 1617 768 2029 768 2029 542"/></Shape>
          <TextLine ID="eSc_line_6f299426"
                    TAGREFS="LT8"
                    BASELINE="1688 722 1980 715" 
                    HPOS="1685"
                    VPOS="569"
                    WIDTH="295"
                    HEIGHT="216">
            <Shape><Polygon POINTS="1928 580 1893 576 1855 573 1838 569 1695 590 1685 611 1688 722 1688 778 1831 785 1834 785 1838 785 1841 785 1879 753 1973 753 1980 715 1973 587 1952 580 1928 580"/></Shape>
            <String CONTENT="186"
                    HPOS="1685"
                    VPOS="569"
                    WIDTH="295"
                    HEIGHT="216"
                    WC="0.9999937216440836"></String>
          </TextLine>
        </TextBlock>
        <TextBlock HPOS="2201"
                   VPOS="555"
                   WIDTH="1491"
                   HEIGHT="200"
                   ID="eSc_textblock_9daa4a96"
                   TAGREFS="BT18">
          <Shape><Polygon POINTS="2201 555 2201 755 3692 755 3692 555"/></Shape>
          <TextLine ID="eSc_line_7cf0bc62"
                    TAGREFS="LT10"
                    BASELINE="2262 712 2654 691 3645 677" 
                    HPOS="2258"
                    VPOS="555"
                    WIDTH="1387"
                    HEIGHT="195">
            <Shape><Polygon POINTS="3578 555 3544 555 3509 555 3426 562 3398 555 3370 555 3335 555 3307 555 3287 569 3148 569 3092 555 3057 555 3023 555 2988 555 2849 569 2807 555 2776 555 2675 576 2623 555 2619 555 2616 555 2613 555 2609 555 2567 583 2435 583 2307 562 2303 562 2300 562 2258 583 2262 712 2262 743 3134 750 3137 750 3141 750 3144 750 3144 747 3168 722 3380 743 3384 743 3387 743 3391 743 3429 719 3585 733 3589 733 3592 733 3645 712 3645 677 3634 555 3613 555"/></Shape>
            <String CONTENT="Denseigner les enfans"
                    HPOS="2258"
                    VPOS="555"
                    WIDTH="1387"
                    HEIGHT="195"
                    WC="0.9723356536456517"></String>
          </TextLine>
        </TextBlock>
        <TextBlock HPOS="1878"
                   VPOS="727"
                   WIDTH="2281"
                   HEIGHT="3999"
                   ID="eSc_textblock_a2ba8334"
                   TAGREFS="BT12">
          <Shape><Polygon POINTS="1878 768 2002 4726 4159 4699 4125 727"/></Shape>
          <TextLine ID="eSc_line_e0985074"
                    TAGREFS="LT8"
                    BASELINE="1921 892 4068 854" 
                    HPOS="1918"
                    VPOS="715"
                    WIDTH="2150"
                    HEIGHT="219">
            <Shape><Polygon POINTS="4037 743 4002 740 3968 736 3933 733 3898 726 3863 722 3829 719 3825 715 3752 715 3749 715 3745 715 3669 747 3464 747 3433 722 3429 722 3426 722 3283 722 3280 722 3276 722 3165 753 2974 753 2908 729 2904 729 2901 729 2897 729 2894 729 2852 757 2644 736 2640 736 2637 736 2633 736 2633 740 2609 764 2540 764 2508 736 2505 736 2501 736 2498 736 2272 767 2112 743 2109 743 2105 743 2102 743 2067 771 1970 753 1966 753 1963 753 1918 767 1921 892 1921 931 2845 934 2849 934 2852 934 2897 913 3064 927 3068 927 3071 927 3109 910 3245 927 3248 927 3252 927 3255 927 3287 906 3474 924 3478 924 3679 899 3867 917 3870 917 4065 892 4068 854 4061 743 4037 743"/></Shape>
            <String CONTENT="oyseux. Car labourer est une peniten¬"
                    HPOS="1918"
                    VPOS="715"
                    WIDTH="2150"
                    HEIGHT="219"
                    WC="0.9964954208683323"></String>
          </TextLine>
          <TextLine ID="eSc_line_8acb50ad"
                    TAGREFS="LT8"
                    BASELINE="1931 1045 4055 1011" 
                    HPOS="1928"
                    VPOS="885"
                    WIDTH="2127"
                    HEIGHT="202">
            <Shape><Polygon POINTS="1931 1045 1931 1087 4055 1059 4055 1011 4048 910 3839 885 3836 885 3728 910 3662 892 3658 892 3655 892 3651 892 3648 892 3617 913 3429 892 3426 892 3422 892 3419 892 3419 896 3415 896 3405 910 3252 896 3248 896 3245 896 3168 920 3075 899 3071 899 2699 927 2505 910 2501 910 2498 910 2494 910 2494 913 2474 934 2387 934 2366 913 2362 913 2359 913 2355 913 2352 913 2348 913 2321 934 2227 913 2223 913 2220 913 2133 938 1928 920 1931 1045"/></Shape>
            <String CONTENT="ce enioincte a tout le mõde/ point dun"
                    HPOS="1928"
                    VPOS="885"
                    WIDTH="2127"
                    HEIGHT="202"
                    WC="0.9951305649219415"></String>
          </TextLine>
          <TextLine ID="eSc_line_9a880a11"
                    TAGREFS="LT8"
                    BASELINE="1960 1190 4068 1160" 
                    HPOS="1959"
                    VPOS="1038"
                    WIDTH="2109"
                    HEIGHT="209">
            <Shape><Polygon POINTS="2105 1063 2109 1063 2578 1077 2619 1056 2626 1056 2734 1073 2932 1052 2943 1052 2970 1070 3412 1049 3415 1049 3544 1063 3565 1045 3565 1042 3572 1042 3818 1038 3822 1038 4020 1056 4055 1038 4068 1160 4068 1209 4037 1229 4020 1229 3989 1209 3839 1209 3617 1233 3613 1233 3443 1216 3342 1236 3339 1236 3130 1219 3082 1243 3075 1243 2901 1223 2724 1247 2720 1247 1961 1244 1959 1070"/></Shape>
            <String CONTENT="homme: mais de dieu/ apres quAdam"
                    HPOS="1959"
                    VPOS="1038"
                    WIDTH="2109"
                    HEIGHT="209"
                    ></String>
          </TextLine>
          <TextLine ID="eSc_line_7a452f02"
                    TAGREFS="LT8"
                    BASELINE="1949 1355 4079 1306" 
                    HPOS="1942"
                    VPOS="1181"
                    WIDTH="2137"
                    HEIGHT="226">
            <Shape><Polygon POINTS="1949 1355 1949 1389 2029 1407 2032 1407 2262 1382 2401 1400 2404 1400 2408 1400 2411 1400 2439 1379 2550 1396 2553 1396 2557 1396 2623 1379 2682 1393 2685 1393 2689 1393 2831 1375 2984 1386 2988 1386 2991 1386 3068 1365 3158 1382 3162 1382 3377 1358 3446 1375 3450 1375 3453 1375 3457 1375 3460 1375 3485 1355 3603 1372 3606 1372 3610 1372 3655 1351 4079 1344 4079 1306 4072 1205 3954 1181 3950 1181 3947 1181 3891 1209 3787 1188 3784 1188 3780 1188 3777 1188 3777 1191 3773 1191 3756 1212 3662 1195 3658 1195 3655 1195 3613 1216 3519 1198 3516 1198 3269 1219 3182 1198 3179 1198 3175 1198 3172 1198 3168 1198 3127 1229 3009 1229 2960 1205 2957 1205 2953 1205 2738 1209 2734 1209 2651 1236 2578 1212 2574 1212 2571 1212 2567 1212 2498 1236 2470 1219 2467 1219 2463 1219 2460 1219 2362 1236 2265 1219 2262 1219 2258 1219 2178 1243 2154 1223 2150 1223 2147 1223 2143 1223 2140 1223 2084 1254 1942 1254 1949 1355"/></Shape>
            <String CONTENT="auoit peche. Et qͥ ne labeure ne doibt"
                    HPOS="1942"
                    VPOS="1181"
                    WIDTH="2137"
                    HEIGHT="226"
                    WC="0.9837527212343717"></String>
          </TextLine>
          <TextLine ID="eSc_line_b5135d96"
                    TAGREFS="LT8"
                    BASELINE="1956 1511 4089 1462" 
                    HPOS="1949"
                    VPOS="1334"
                    WIDTH="2140"
                    HEIGHT="232">
            <Shape><Polygon POINTS="1956 1511 1956 1549 2032 1566 2036 1566 2223 1542 2317 1560 2321 1560 2324 1560 2418 1535 2470 1556 2474 1556 2477 1556 2480 1556 2564 1535 2585 1553 2588 1553 2592 1553 2595 1553 3019 1546 3109 1542 3113 1542 3116 1542 3116 1539 3137 1521 3228 1539 3231 1539 3485 1511 3922 1525 3926 1525 3929 1525 3933 1525 3957 1504 4006 1521 4009 1521 4013 1521 4016 1521 4089 1497 4089 1462 4082 1358 3943 1334 3940 1334 3780 1361 3485 1344 3481 1344 3478 1344 3474 1344 3453 1361 3370 1348 3367 1348 3363 1348 3360 1348 3321 1372 3214 1351 3210 1351 3082 1372 2991 1358 2988 1358 2984 1358 2981 1358 2953 1379 2911 1358 2908 1358 2904 1358 2557 1389 2376 1375 2373 1375 2369 1375 2321 1393 2265 1372 2262 1372 2258 1372 2255 1372 2251 1372 2220 1393 2147 1375 2143 1375 2140 1375 2136 1375 2084 1403 1949 1403 1956 1511"/></Shape>
            <String CONTENT="point manger selon lescripture. Da"
                    HPOS="1949"
                    VPOS="1334"
                    WIDTH="2140"
                    HEIGHT="232"
                    WC="0.9880113654276904"></String>
          </TextLine>
          <TextLine ID="eSc_line_573a1b81"
                    TAGREFS="LT8"
                    BASELINE="1959 1653 4089 1612" 
                    HPOS="1956"
                    VPOS="1494"
                    WIDTH="2133"
                    HEIGHT="201">
            <Shape><Polygon POINTS="1959 1653 1959 1695 2995 1695 2995 1692 3203 1667 3373 1685 3377 1685 3380 1685 3436 1664 3506 1681 3509 1681 3512 1681 3516 1681 3558 1660 3620 1678 3624 1678 3627 1678 4089 1646 4089 1612 4075 1494 3995 1514 3554 1500 3551 1500 3353 1528 3200 1507 3196 1507 3193 1507 3189 1507 3151 1532 2866 1521 2863 1521 2859 1521 2856 1521 2835 1542 1956 1549 1959 1653"/></Shape>
            <String CONTENT="uantage/ aux iours de festes mene¬"
                    HPOS="1956"
                    VPOS="1494"
                    WIDTH="2133"
                    HEIGHT="201"
                    WC="0.9996689312598285"></String>
          </TextLine>
          <TextLine ID="eSc_line_9515ab92"
                    TAGREFS="LT8"
                    BASELINE="1963 1810 4086 1761" 
                    HPOS="1956"
                    VPOS="1650"
                    WIDTH="2130"
                    HEIGHT="215">
            <Shape><Polygon POINTS="1963 1810 1963 1851 2303 1841 2348 1865 2352 1865 2355 1865 2359 1865 2418 1837 2560 1837 2706 1858 2710 1858 2859 1855 2863 1855 2866 1855 2866 1851 2884 1837 2981 1851 2984 1851 2988 1851 3043 1827 3168 1848 3172 1848 3356 1827 3440 1841 3443 1841 3446 1841 3509 1813 3582 1813 3613 1837 3617 1837 3620 1837 3624 1837 3627 1837 3686 1810 3770 1824 3773 1827 3773 1824 3874 1806 3964 1827 3968 1827 3971 1827 4086 1810 4086 1761 4079 1653 3704 1650 3700 1650 3697 1650 3603 1674 3363 1657 3360 1657 3356 1657 3311 1681 3179 1660 3175 1660 3172 1660 3168 1660 3168 1664 3165 1664 3148 1688 2863 1692 2755 1671 2752 1671 2748 1671 2745 1671 2703 1699 2529 1699 2418 1678 2414 1678 2411 1678 2408 1678 2376 1702 2265 1681 2262 1681 2258 1681 2199 1705 2074 1692 2070 1692 1956 1709 1963 1810"/></Shape>
            <String CONTENT="ras tu tes enfans a leglise/ ⁊ les ap¬"
                    HPOS="1956"
                    VPOS="1650"
                    WIDTH="2130"
                    HEIGHT="215"
                    WC="0.9998143283944381"></String>
          </TextLine>
          <TextLine ID="eSc_line_c6b8e420"
                    TAGREFS="LT8"
                    BASELINE="1966 1970 4089 1910" 
                    HPOS="1959"
                    VPOS="1789"
                    WIDTH="2130"
                    HEIGHT="243">
            <Shape><Polygon POINTS="1966 1970 1966 2018 2057 2032 2060 2032 2064 2032 2067 2032 2067 2029 2095 2008 2154 2008 2262 2025 2265 2025 2487 1997 2529 2018 2533 2018 2536 2018 2713 2015 2845 1990 2957 2008 2960 2008 3241 1976 3332 1997 3335 1997 3339 1997 3464 1970 3533 1990 3537 1990 3540 1990 3544 1990 3592 1966 3707 1987 3711 1987 3714 1987 3717 1987 3749 1963 3898 1980 3902 1980 4086 1952 4089 1910 4082 1810 4006 1792 4002 1792 3999 1792 3933 1813 3836 1789 3832 1789 3829 1789 3825 1789 3766 1817 3693 1796 3690 1796 3686 1796 3683 1796 3641 1817 3478 1799 3474 1799 3471 1799 3467 1799 3467 1803 3436 1831 3082 1834 3005 1813 3002 1813 2998 1813 2995 1813 2943 1834 2877 1820 2873 1820 2870 1820 2866 1820 2824 1848 1959 1848 1966 1970"/></Shape>
            <String CONTENT="prẽdras a ouyr le sermon. Et tu leurs"
                    HPOS="1959"
                    VPOS="1789"
                    WIDTH="2130"
                    HEIGHT="243"
                    WC="0.9948666550611195"></String>
          </TextLine>
          <TextLine ID="eSc_line_4bd61afe"
                    TAGREFS="LT8"
                    BASELINE="1970 2115 4086 2063" 
                    HPOS="1963"
                    VPOS="1949"
                    WIDTH="2123"
                    HEIGHT="229">
            <Shape><Polygon POINTS="1970 2115 1970 2157 2029 2178 2032 2178 2036 2178 2039 2178 2112 2154 2209 2171 2213 2171 2216 2171 2262 2150 2487 2161 2491 2161 2758 2140 2807 2161 2811 2161 2814 2161 3464 2143 3662 2115 3707 2133 3711 2133 3714 2133 3717 2133 3804 2112 4082 2115 4086 2063 4072 1949 3999 1970 3797 1949 3794 1949 3686 1952 3683 1952 3631 1980 3391 1959 3387 1959 3384 1959 3380 1959 3346 1987 3234 1963 3231 1963 2950 1997 2877 1983 2873 1983 2536 2004 2414 1983 2411 1983 2408 1983 2348 2011 1963 2011 1970 2115"/></Shape>
            <String CONTENT="demanderas quand ilz seront uenuz"
                    HPOS="1963"
                    VPOS="1949"
                    WIDTH="2123"
                    HEIGHT="229"
                    WC="0.9924104123404531"></String>
          </TextLine>
          <TextLine ID="eSc_line_210bcdcd"
                    TAGREFS="LT8"
                    BASELINE="1970 2272 4093 2220" 
                    HPOS="1966"
                    VPOS="2098"
                    WIDTH="2127"
                    HEIGHT="233">
            <Shape><Polygon POINTS="1970 2272 1970 2307 2175 2331 2178 2331 2182 2331 2185 2331 2185 2327 2213 2307 2324 2327 2328 2327 2456 2303 2526 2324 2529 2324 2533 2324 2738 2293 2807 2317 2811 2317 2814 2317 2957 2313 2960 2313 3012 2289 3054 2310 3057 2310 3061 2310 3064 2310 3120 2289 3304 2303 3307 2303 3311 2303 3384 2275 3693 2286 3697 2286 3929 2265 4044 2286 4048 2286 4051 2286 4055 2286 4093 2261 4093 2220 4086 2115 3954 2098 3950 2098 3738 2126 3697 2105 3693 2105 3690 2105 3686 2105 3606 2129 3512 2108 3509 2108 3506 2108 3502 2108 3467 2136 3363 2136 3096 2119 3092 2119 3089 2119 3085 2119 3085 2122 3057 2143 2953 2126 2950 2126 2946 2126 2943 2126 2918 2147 2717 2129 2713 2129 2519 2157 2439 2136 2435 2136 2432 2136 2428 2136 2425 2136 2425 2140 2404 2157 2324 2140 2321 2140 2317 2140 2314 2140 2282 2161 2109 2143 2105 2143 2102 2143 2098 2143 2098 2147 2095 2147 2077 2171 1966 2171 1970 2272"/></Shape>
            <String CONTENT="a lhostel quelle chose ilz ont retenu du"
                    HPOS="1966"
                    VPOS="2098"
                    WIDTH="2127"
                    HEIGHT="233"
                    WC="0.9810344859957695"></String>
          </TextLine>
          <TextLine ID="eSc_line_cc447883"
                    TAGREFS="LT8"
                    BASELINE="1963 2418 4086 2362" 
                    HPOS="1959"
                    VPOS="2251"
                    WIDTH="2127"
                    HEIGHT="215">
            <Shape><Polygon POINTS="1963 2418 1963 2466 4082 2400 4086 2362 4079 2268 3957 2254 3954 2254 3950 2254 3902 2272 3801 2251 3797 2251 3658 2282 3481 2282 3408 2261 3405 2261 3401 2261 3262 2289 3137 2268 3134 2268 3130 2268 3082 2289 3050 2275 3047 2275 3043 2275 2863 2300 2668 2282 2665 2282 2661 2282 2581 2310 2390 2310 2362 2293 2359 2293 2355 2293 2352 2293 2348 2293 2296 2313 2237 2300 2234 2300 2230 2300 2147 2317 2102 2296 2098 2296 2095 2296 1959 2310 1963 2418"/></Shape>
            <String CONTENT="sermon: ⁊ alors tu les admonesteras"
                    HPOS="1959"
                    VPOS="2251"
                    WIDTH="2127"
                    HEIGHT="215"
                    WC="0.9957636748041425"></String>
          </TextLine>
          <TextLine ID="eSc_line_51b2b92e"
                    TAGREFS="LT8"
                    BASELINE="1988 2563 4096 2515" 
                    HPOS="1917"
                    VPOS="2392"
                    WIDTH="2184"
                    HEIGHT="210">
            <Shape><Polygon POINTS="4101 2392 1969 2459 1917 2557 1931 2602 4092 2565"/></Shape>
            <String CONTENT="a bien uiure/ ⁊ a mettre tousiours tou"
                    HPOS="1917"
                    VPOS="2392"
                    WIDTH="2184"
                    HEIGHT="210"
                    WC="0.9899529250044572"></String>
          </TextLine>
          <TextLine ID="eSc_line_7116d4aa"
                    TAGREFS="LT8"
                    BASELINE="1984 2703 4093 2668" 
                    HPOS="1980"
                    VPOS="2546"
                    WIDTH="2113"
                    HEIGHT="216">
            <Shape><Polygon POINTS="1984 2703 1984 2744 2255 2762 2258 2762 2428 2737 2449 2755 2449 2758 2453 2758 2456 2758 2460 2762 2602 2762 2602 2758 2606 2758 2609 2758 2640 2730 2852 2730 2870 2744 2870 2748 2873 2748 2877 2748 3033 2751 3036 2751 3248 2723 3453 2744 3457 2744 3592 2720 3766 2734 3770 2734 3773 2734 3777 2734 3797 2717 3870 2737 3874 2737 3877 2737 3881 2737 3884 2737 3912 2717 4041 2734 4044 2734 4048 2734 4093 2706 4093 2668 4082 2546 3453 2571 3189 2557 3186 2557 3182 2557 3179 2557 3179 2560 3162 2574 3113 2560 3109 2560 3106 2560 3102 2560 3029 2578 2474 2567 2470 2567 2467 2567 2397 2588 2192 2571 2189 2571 1980 2595 1984 2703"/></Shape>
            <String CONTENT="te leur esperance en dieu/ ⁊ de plustost"
                    HPOS="1980"
                    VPOS="2546"
                    WIDTH="2113"
                    HEIGHT="216"
                    WC="0.9986602634191513"></String>
          </TextLine>
          <TextLine ID="eSc_line_5bfbc56f"
                    TAGREFS="LT8"
                    BASELINE="1991 2855 4103 2824" 
                    HPOS="1987"
                    VPOS="2699"
                    WIDTH="2116"
                    HEIGHT="198">
            <Shape><Polygon POINTS="1991 2855 1991 2897 2692 2876 2758 2894 2762 2894 2765 2894 3061 2890 3165 2869 3391 2887 3394 2887 3398 2887 3471 2866 3603 2883 3606 2883 3610 2883 3613 2883 3641 2862 3745 2880 3749 2880 3870 2859 4058 2876 4061 2876 4065 2876 4068 2876 4103 2855 4103 2824 4096 2713 3891 2699 3888 2699 3884 2699 3787 2723 3728 2706 3724 2706 3721 2706 3544 2727 3509 2706 3506 2706 3502 2706 3499 2706 3495 2706 3492 2706 3460 2727 3398 2706 3394 2706 3391 2706 3245 2730 3203 2710 3200 2710 3196 2710 3193 2710 3189 2710 3155 2734 2786 2717 2783 2717 2456 2744 2421 2723 2418 2723 2414 2723 2275 2723 2272 2723 2269 2723 2202 2748 1987 2730 1991 2855"/></Shape>
            <String CONTENT="uouloir mourir que de faire quelque"
                    HPOS="1987"
                    VPOS="2699"
                    WIDTH="2116"
                    HEIGHT="198"
                    WC="0.9902063097272601"></String>
          </TextLine>
          <TextLine ID="eSc_line_8e5f1ec1"
                    TAGREFS="LT8"
                    BASELINE="1994 3008 4110 2974" 
                    HPOS="1994"
                    VPOS="2852"
                    WIDTH="2116"
                    HEIGHT="215">
            <Shape><Polygon POINTS="1994 3047 2074 3067 2077 3067 2196 3050 2411 3064 2414 3064 2950 3036 3009 3054 3012 3054 3016 3054 3019 3054 3023 3054 3054 3033 3144 3050 3148 3050 3151 3050 3155 3050 3179 3029 3307 3047 3311 3047 3314 3047 3318 3047 3346 3026 3471 3047 3474 3047 3478 3047 3540 3022 3784 3036 3787 3036 3964 3015 4103 3036 4110 2974 4103 2866 3690 2852 3686 2852 3683 2852 3596 2873 3492 2855 3488 2855 3485 2855 3481 2855 3481 2859 3478 2859 3464 2876 3321 2859 3318 2859 3314 2859 3262 2880 3155 2866 3151 2866 2950 2883 2873 2866 2870 2866 2866 2866 2633 2890 2613 2873 2609 2873 2606 2873 2602 2873 2599 2873 2595 2873 2595 2876 2578 2890 2376 2876 2373 2876 2369 2876 2366 2876 2345 2894 2209 2876 2206 2876 2036 2897 1994 2883 1994 3008 1994 3047"/></Shape>
            <String CONTENT="chose laquelle soit contre la uolunte"
                    HPOS="1994"
                    VPOS="2852"
                    WIDTH="2116"
                    HEIGHT="215"
                    WC="0.9999909046533946"></String>
          </TextLine>
          <TextLine ID="eSc_line_70f68d0e"
                    TAGREFS="LT8"
                    BASELINE="1997 3161 4096 3127" 
                    HPOS="1994"
                    VPOS="3001"
                    WIDTH="2102"
                    HEIGHT="209">
            <Shape><Polygon POINTS="1997 3161 1997 3210 4096 3175 4096 3127 4089 3019 3898 3001 3895 3001 3891 3001 3888 3001 3863 3022 3790 3005 3787 3005 3784 3005 3780 3005 3735 3029 3540 3019 3537 3019 3391 3036 3252 3012 3248 3012 3089 3040 3050 3015 3047 3015 3043 3015 3040 3015 3036 3015 3033 3015 3033 3019 3002 3043 2637 3022 2633 3022 2408 3054 2202 3029 2199 3029 2196 3029 2133 3057 1994 3040 1997 3161"/></Shape>
            <String CONTENT="de dieu. Et leur enseigneras la foy"
                    HPOS="1994"
                    VPOS="3001"
                    WIDTH="2102"
                    HEIGHT="209"
                    WC="0.9997863582202366"></String>
          </TextLine>
          <TextLine ID="eSc_line_10089983"
                    TAGREFS="LT8"
                    BASELINE="2001 3318 4103 3272" 
                    HPOS="1997"
                    VPOS="3147"
                    WIDTH="2106"
                    HEIGHT="230">
            <Shape><Polygon POINTS="2001 3318 2001 3356 2098 3352 2150 3377 2154 3377 2157 3377 2161 3377 2237 3349 2314 3373 2317 3373 2321 3373 2324 3373 2328 3373 2369 3345 2585 3366 2588 3366 2592 3366 2654 3338 2769 3363 2772 3363 2776 3363 2852 3335 3019 3356 3023 3356 3026 3356 3029 3356 3029 3352 3057 3331 3148 3352 3151 3352 3266 3328 3367 3349 3370 3349 3676 3342 3679 3342 3683 3342 3683 3338 3707 3318 3856 3338 3860 3338 4103 3325 4103 3272 4096 3172 3888 3147 3884 3147 3881 3147 3877 3147 3877 3151 3850 3175 3599 3179 3554 3158 3551 3158 3547 3158 3203 3186 3137 3161 3134 3161 3130 3161 3127 3161 3123 3161 3089 3182 3026 3165 3023 3165 3019 3165 3016 3165 2960 3196 2915 3196 2890 3172 2890 3168 2887 3168 2884 3168 2880 3168 2755 3172 2752 3172 2640 3199 2324 3179 2321 3179 2317 3179 2244 3206 2164 3182 2161 3182 2157 3182 1997 3213 2001 3318"/></Shape>
            <String CONTENT="Chrestienne selon la maniere dessus"
                    HPOS="1997"
                    VPOS="3147"
                    WIDTH="2106"
                    HEIGHT="230"
                    WC="0.9928444164139884"></String>
          </TextLine>
          <TextLine ID="eSc_line_6a31f65b"
                    TAGREFS="LT8"
                    BASELINE="2008 3460 4096 3425" 
                    HPOS="2004"
                    VPOS="3307"
                    WIDTH="2092"
                    HEIGHT="209">
            <Shape><Polygon POINTS="2008 3460 2008 3495 2171 3516 2175 3516 2178 3516 2234 3495 2609 3509 2613 3509 2842 3481 3130 3481 3168 3498 3172 3498 3175 3498 3179 3498 3259 3477 3672 3491 3676 3491 3679 3491 3742 3470 3881 3488 3884 3488 4096 3460 4096 3425 4086 3321 3985 3328 3950 3307 3947 3307 3943 3307 3940 3307 3829 3335 3356 3338 3273 3318 3269 3318 3266 3318 3151 3342 3092 3321 3089 3321 3085 3321 3082 3321 3078 3321 3043 3345 2884 3325 2880 3325 2877 3325 2873 3325 2835 3349 2731 3328 2727 3328 2571 3349 2348 3335 2345 3335 2341 3335 2338 3335 2317 3352 2216 3335 2213 3335 2209 3335 2206 3335 2206 3338 2182 3359 2004 3342 2008 3460"/></Shape>
            <String CONTENT="declairee. Tu les inciteras a patiẽce/"
                    HPOS="2004"
                    VPOS="3307"
                    WIDTH="2092"
                    HEIGHT="209"
                    WC="0.998511838607299"></String>
          </TextLine>
          <TextLine ID="eSc_line_cb7c3f11"
                    TAGREFS="LT8"
                    BASELINE="2008 3616 4110 3582" 
                    HPOS="2004"
                    VPOS="3453"
                    WIDTH="2106"
                    HEIGHT="216">
            <Shape><Polygon POINTS="2008 3616 2008 3662 2335 3669 2338 3669 2341 3669 2432 3644 2842 3662 2845 3662 2849 3662 2894 3637 3050 3658 3054 3658 3214 3634 3360 3651 3363 3651 3367 3651 3370 3651 3370 3648 3391 3630 3467 3651 3471 3651 3474 3651 3645 3644 3648 3644 3690 3623 3825 3644 3829 3644 4110 3613 4110 3582 4103 3481 3978 3481 3929 3453 3926 3453 3922 3453 3919 3453 3836 3481 3804 3457 3801 3457 3797 3457 3724 3457 3721 3457 3717 3457 3714 3457 3676 3484 3485 3460 3481 3460 3478 3460 3387 3488 3342 3464 3339 3464 3335 3464 3332 3464 3259 3495 3134 3495 3071 3467 3068 3467 3064 3467 3061 3467 3005 3484 2936 3470 2932 3470 2929 3470 2925 3470 2890 3495 2783 3474 2779 3474 2776 3474 2772 3474 2772 3477 2748 3502 2484 3502 2428 3477 2425 3477 2421 3477 2418 3477 2373 3498 2216 3481 2213 3481 2004 3512 2008 3616"/></Shape>
            <String CONTENT="a charite/ ⁊ esperance en dieu. Et leur"
                    HPOS="2004"
                    VPOS="3453"
                    WIDTH="2106"
                    HEIGHT="216"
                    WC="0.996124756641877"></String>
          </TextLine>
          <TextLine ID="eSc_line_9e99e1ed"
                    TAGREFS="LT8"
                    BASELINE="2011 3769 4096 3728" 
                    HPOS="2008"
                    VPOS="3606"
                    WIDTH="2088"
                    HEIGHT="201">
            <Shape><Polygon POINTS="2011 3769 2011 3804 2873 3807 2877 3807 2880 3807 2884 3807 2908 3787 2950 3801 2953 3801 2957 3801 3054 3783 3210 3801 3214 3801 3217 3801 3221 3801 3241 3783 3512 3794 3516 3794 3627 3773 3742 3790 3745 3790 3749 3790 3815 3769 3916 3787 3919 3787 4096 3759 4096 3728 4089 3630 3940 3606 3936 3606 3933 3606 3929 3606 3891 3630 3620 3613 3617 3613 3613 3613 3561 3641 3321 3641 3231 3620 3228 3620 3224 3620 3221 3620 3162 3644 3068 3627 3064 3627 3061 3627 3057 3627 3057 3630 3054 3630 3040 3648 2995 3627 2991 3627 2988 3627 2651 3655 2529 3634 2526 3634 2324 3662 2275 3641 2272 3641 2269 3641 2265 3641 2262 3641 2234 3658 2060 3648 2057 3648 2053 3648 2008 3665 2011 3769"/></Shape>
            <String CONTENT="apprendras principalement le conte¬"
                    HPOS="2008"
                    VPOS="3606"
                    WIDTH="2088"
                    HEIGHT="201"
                    WC="0.9864280581474304"></String>
          </TextLine>
          <TextLine ID="eSc_line_11a187e8"
                    TAGREFS="LT8"
                    BASELINE="2011 3915 4096 3884" 
                    HPOS="2008"
                    VPOS="3748"
                    WIDTH="2088"
                    HEIGHT="230">
            <Shape><Polygon POINTS="2011 3915 2015 3978 2074 3953 2533 3964 2536 3964 2540 3964 2581 3946 2665 3967 2668 3967 2672 3967 2866 3943 2929 3964 2932 3964 2936 3964 3092 3940 3144 3957 3148 3957 3151 3957 3155 3957 3200 3936 3325 3936 3380 3957 3384 3957 3387 3957 3391 3957 3394 3957 3394 3953 3398 3953 3408 3940 3860 3950 3863 3950 4093 3922 4096 3884 4089 3780 3940 3748 3936 3748 3933 3748 3929 3748 3902 3773 3843 3776 3804 3752 3801 3752 3797 3752 3794 3752 3790 3752 3787 3752 3787 3755 3759 3783 3631 3783 3610 3766 3610 3762 3606 3762 3603 3762 3599 3762 3523 3773 3502 3755 3499 3755 3495 3755 3492 3755 3488 3755 3485 3755 3446 3783 3405 3755 3401 3755 3398 3755 3394 3755 3248 3776 3134 3762 3130 3762 3127 3762 3123 3762 3096 3787 3036 3762 3033 3762 3029 3762 3026 3762 2918 3794 2672 3769 2668 3769 2665 3769 2609 3797 2550 3776 2546 3776 2543 3776 2540 3776 2467 3801 2387 3773 2383 3773 2380 3773 2376 3773 2289 3797 2255 3776 2251 3776 2248 3776 2244 3776 2241 3776 2237 3776 2237 3780 2209 3807 2008 3807 2011 3915"/></Shape>
            <String CONTENT="nu de loraisõ de Iesu Christ/ appellee"
                    HPOS="2008"
                    VPOS="3748"
                    WIDTH="2088"
                    HEIGHT="230"
                    WC="0.9854422410329183"></String>
          </TextLine>
          <TextLine ID="eSc_line_03b182ea"
                    TAGREFS="LT8"
                    BASELINE="2022 4068 4096 4037" 
                    HPOS="2018"
                    VPOS="3912"
                    WIDTH="2078"
                    HEIGHT="198">
            <Shape><Polygon POINTS="2022 4068 2022 4110 4096 4078 4096 4037 4093 3936 4016 3912 4013 3912 4009 3912 4006 3912 4002 3912 3964 3936 3825 3936 3794 3919 3790 3919 3787 3919 3784 3919 3620 3940 3568 3919 3565 3919 3561 3919 3558 3919 3554 3919 3519 3940 3415 3919 3412 3919 3408 3919 3367 3943 3339 3922 3335 3922 3332 3922 3238 3922 3234 3922 3231 3922 3228 3922 3203 3943 3068 3926 3064 3926 2932 3950 2713 3929 2710 3929 2706 3929 2703 3929 2703 3933 2679 3953 2592 3936 2588 3936 2477 3957 2397 3936 2394 3936 2390 3936 2213 3957 2057 3940 2053 3940 2050 3940 2046 3940 2018 3957 2022 4068"/></Shape>
            <String CONTENT="le Pater noster/ cest assauoir/ cõment"
                    HPOS="2018"
                    VPOS="3912"
                    WIDTH="2078"
                    HEIGHT="198"
                    WC="0.9947059567158039"></String>
          </TextLine>
          <TextLine ID="eSc_line_26d208c3"
                    TAGREFS="LT8"
                    BASELINE="2025 4214 4075 4183" 
                    HPOS="2022"
                    VPOS="4061"
                    WIDTH="2053"
                    HEIGHT="212">
            <Shape><Polygon POINTS="2025 4214 2025 4256 2050 4273 2053 4273 2057 4273 2060 4273 2064 4273 2067 4273 2095 4252 2116 4273 2119 4273 2123 4273 2126 4273 2130 4273 2189 4252 2474 4263 2477 4263 2480 4263 2484 4263 2505 4245 2619 4266 2623 4266 2769 4242 3047 4259 3050 4259 3054 4259 3057 4259 3089 4238 3155 4259 3158 4259 3162 4259 3342 4256 3346 4256 3387 4235 3519 4249 3523 4249 3526 4249 3530 4249 3547 4231 3606 4249 3610 4249 3613 4249 3870 4228 3985 4242 3989 4242 3992 4242 4075 4217 4075 4183 4065 4078 3947 4089 3905 4061 3902 4061 3898 4061 3895 4061 3728 4065 3724 4065 3721 4065 3721 4068 3693 4089 3655 4065 3651 4065 3648 4065 3645 4065 3506 4099 3255 4099 3224 4075 3224 4072 3221 4072 3217 4072 3214 4072 3210 4072 3207 4072 3155 4103 3099 4075 3096 4075 3092 4075 2918 4103 2880 4078 2877 4078 2873 4078 2870 4078 2866 4078 2814 4103 2477 4082 2474 4082 2470 4082 2369 4113 2258 4096 2255 4096 2251 4096 2248 4096 2248 4099 2227 4117 2098 4089 2095 4089 2091 4089 2022 4113 2025 4214"/></Shape>
            <String CONTENT="ilz ont un autre Pere es cieulx/ du¬"
                    HPOS="2022"
                    VPOS="4061"
                    WIDTH="2053"
                    HEIGHT="212"
                    WC="0.9936255746417575"></String>
          </TextLine>
          <TextLine ID="eSc_line_b38364b3"
                    TAGREFS="LT8"
                    BASELINE="2029 4367 4082 4336" 
                    HPOS="2025"
                    VPOS="4211"
                    WIDTH="2057"
                    HEIGHT="215">
            <Shape><Polygon POINTS="2029 4367 2032 4426 2081 4405 2220 4426 2223 4426 2227 4426 2272 4402 2654 4419 2658 4419 2661 4419 2717 4395 2880 4395 2915 4416 2918 4416 2922 4416 2925 4416 2929 4416 2988 4391 3009 4412 3012 4412 3016 4412 3019 4412 3023 4412 3089 4391 3360 4409 3363 4409 3367 4409 3370 4409 3408 4384 3843 4402 3846 4402 4082 4370 4082 4336 4075 4238 3940 4238 3891 4211 3888 4211 3884 4211 3881 4211 3770 4238 3394 4217 3391 4217 3151 4249 3096 4224 3092 4224 3089 4224 3085 4224 3012 4252 2779 4252 2731 4228 2727 4228 2724 4228 2720 4228 2609 4256 2522 4231 2519 4231 2515 4231 2341 4235 2338 4235 2335 4235 2335 4238 2317 4252 2258 4235 2255 4235 2251 4235 2248 4235 2175 4266 2025 4266 2029 4367"/></Shape>
            <String CONTENT="quel il faut attendre toꝰ biens ⁊ sans"
                    HPOS="2025"
                    VPOS="4211"
                    WIDTH="2057"
                    HEIGHT="215"
                    WC="0.9887984849904713"></String>
          </TextLine>
          <TextLine ID="eSc_line_3a4622e8"
                    TAGREFS="LT8"
                    BASELINE="2029 4516 4082 4485" 
                    HPOS="2025"
                    VPOS="4377"
                    WIDTH="2057"
                    HEIGHT="198">
            <Shape><Polygon POINTS="2029 4516 2029 4572 2119 4558 2234 4575 2237 4575 2241 4575 2244 4575 2282 4554 2769 4565 2772 4565 2776 4565 2779 4565 2779 4561 2797 4548 2936 4565 2939 4565 2943 4565 3029 4544 3162 4561 3165 4561 3276 4541 3363 4558 3367 4558 3370 4558 3373 4558 3401 4537 4013 4548 4016 4548 4020 4548 4082 4523 4082 4485 4072 4377 2025 4402 2029 4516"/></Shape>
            <String CONTENT="lequel on ne peut auoir aucuns biens"
                    HPOS="2025"
                    VPOS="4377"
                    WIDTH="2057"
                    HEIGHT="198"
                    WC="0.9925392766793569"></String>
          </TextLine>
          <TextLine ID="eSc_line_eccd3e85"
                    TAGREFS="LT8"
                    BASELINE="2039 4666 4079 4634" 
                    HPOS="2036"
                    VPOS="4520"
                    WIDTH="2043"
                    HEIGHT="239">
            <Shape><Polygon POINTS="2039 4666 2039 4728 2168 4728 2227 4756 2230 4756 2234 4756 2237 4756 2241 4756 2282 4725 2435 4725 2474 4756 2474 4759 2477 4759 2480 4759 2484 4759 2487 4759 2491 4759 2540 4721 2609 4721 2640 4746 2640 4749 2644 4749 2647 4749 2651 4749 2800 4725 2859 4753 2863 4753 2866 4753 2870 4753 2977 4714 3064 4756 3068 4756 3071 4759 3168 4759 3168 4756 3172 4756 3252 4725 3332 4753 3335 4753 3339 4753 3624 4749 3627 4749 3631 4749 3665 4721 3846 4746 3850 4746 3853 4746 3856 4746 3936 4700 4079 4700 4079 4634 4065 4523 3999 4544 3888 4544 3856 4520 3853 4520 3850 4520 3846 4520 3843 4520 3787 4541 3648 4530 3645 4530 3641 4530 3638 4530 3613 4548 3426 4527 3422 4527 3419 4527 3415 4527 3384 4551 3273 4537 3269 4537 3092 4554 2977 4530 2974 4530 2970 4530 2915 4558 2835 4541 2831 4541 2741 4558 2717 4537 2713 4537 2710 4537 2706 4537 2571 4561 2467 4541 2362 4541 2359 4541 2355 4541 2352 4541 2317 4565 2036 4554 2039 4666"/></Shape>
            <String CONTENT="cõme il ne faut rien querir en toute ce¬"
                    HPOS="2036"
                    VPOS="4520"
                    WIDTH="2043"
                    HEIGHT="239"
                    WC="0.9990668267738528"></String>
          </TextLine>
        </TextBlock>
        <TextBlock HPOS="3891"
                   VPOS="4678"
                   WIDTH="268"
                   HEIGHT="213"
                   ID="eSc_textblock_e6a1b9c4"
                   TAGREFS="BT17">
          <Shape><Polygon POINTS="3891 4678 3891 4891 4159 4891 4159 4678"/></Shape>
          <TextLine ID="eSc_line_473d5984"
                    TAGREFS="LT8"
                    BASELINE="3933 4794 4068 4787" 
                    HPOS="3989"
                    VPOS="4669"
                    WIDTH="83"
                    HEIGHT="198">
            <Shape><Polygon POINTS="4013 4867 4072 4846 4068 4787 4055 4680 3989 4669 4002 4794"/></Shape>
            <String CONTENT="ste"
                    HPOS="3989"
                    VPOS="4669"
                    WIDTH="83"
                    HEIGHT="198"
                    ></String>
          </TextLine>
        </TextBlock>
        <TextBlock HPOS="1534"
                   VPOS="1071"
                   WIDTH="420"
                   HEIGHT="192"
                   ID="eSc_textblock_4157923d"
                   TAGREFS="BT13">
          <Shape><Polygon POINTS="1534 1071 1534 1263 1954 1263 1954 1071"/></Shape>
          <TextLine ID="eSc_line_b18cd29b"
                    TAGREFS="LT8"
                    BASELINE="1594 1195 1926 1190" 
                    HPOS="1594"
                    VPOS="1072"
                    WIDTH="333"
                    HEIGHT="172">
            <Shape><Polygon POINTS="1594 1118 1612 1087 1924 1072 1927 1244 1594 1243"/></Shape>
            <String CONTENT="2.Pe.3"
                    HPOS="1594"
                    VPOS="1072"
                    WIDTH="333"
                    HEIGHT="172"
                    WC="0.9999150137106577"></String>
          </TextLine>
        </TextBlock>
      </PrintSpace>
    </Page>
  </Layout>
</alto>
