4267 7306
2986 621 293 414 b9

1299 746 958 232 Chapitre .ix.

507 945 2432 232 les a receu, il delaisse son seigneur, ⁊

515 1120 2428 231 ne demãde plus pour luy. car il ne de¬

523 1294 2416 232 mãdoit que son argent leq̃l il a main¬

527 1469 2412 243 tenant receu. Le filz de lhostel sert pa¬

523 1656 2416 215 reillement son pere/ ⁊ garde ses com¬

519 1830 2416 219 mãdemens, non pas poͬ auoir loyer/

511 2005 2432 223 mais par charite ⁊ amour quil a uers

511 2179 2432 219 son pere. Car il congnoit les biens que

503 2354 2452 227 son pere luy a faict/ ⁊ quil est heritier

503 2540 2444 211 des biens de son pere: ⁊ scait qͥl demeu

503 2711 2436 219 rera tousiours en lhostel de son pere:

512 2873 2413 232 comme dit sainct Iehan. Et pourtãt

527 3048 2424 223 faict il liberalement la uolunte de son

527 3243 2416 202 pere, pour ce qͥl ne le ueult point cour¬

523 3397 2412 239 roucer. Ainsi seruira tout bõ Chrestien

527 3567 2424 240 dieu par uraye charite, ⁊ gardera ses

527 3750 2432 231 commandemens par amour ⁊ point

556 3920 2395 236 par esperãce dacquerre par son seruice

548 4091 2399 243 la uie eternelle/ ou lheritage de sõ Pe

548 4269 2403 240 re celeste: mais recongnoissant seule¬

544 4452 2411 236 ment que Dieu luy a tout donne/ ⁊ qͥl

539 4623 2412 239 la faict son heritier auant quil en ait

535 4793 2408 244 requis: ⁊ ainsi le sert il seulemẽt pour¬

523 4968 2424 255 tant quil est bon: ⁊ pour mõstrer quil

512 5132 1761 268 ne ueult point estre ingrat.

673 5333 2152 272 ¶ Comment nous nous desheri

2048 5516 884 255 F 5 tons

2974 2824 415 250 Iehã.8.
