4267 6633
1571 700 287 210 124

2105 714 1689 233 En quoy gist la Chrestiente.

1796 858 2113 258 fault attendre. Car (cõme iay souuen

1788 1020 2132 240 tesfois dit) Iesus Christ est nostre iu

1792 1179 2135 247 stice, cestadire, Iesꝰ Christ a satisfaict

1788 1348 2136 221 pour nous, pour ce que ne pouions sa

1781 1485 2139 239 tisfaire. Et quand quelcun entend ce¬

1773 1647 2143 228 cy, il uoit bien cõment il se doibt humi

1762 1790 2154 225 lier deuant Dieu, et en quoy il doibt

1762 1960 2150 214 querir son salut. Et quand noꝰ nous

1759 2104 2150 235 deffions ainsi de noz bõnes oeuures,

1748 2266 2161 228 nous nous abandonnerons, ⁊ atten¬

1759 2406 2198 236 drõs du tout a Dieu, auec une ferme

1773 2557 2114 232 foy, ⁊ parfaicte fiance. Et faisans ain

1755 2697 2113 239 si, noꝰ faisons force au royaume des

1762 2841 2080 254 cieux, cõe dit Iesꝰ christ en Leuãgile.

1825 3003 1962 228 Et cest ce q̃ Dieu requiert de noꝰ

1748 3158 2076 239 ⁊ adonc nous tient il sa promesse, ⁊ il

1737 3309 2091 235 noꝰ iustifie quand nous mourõs auec

1762 3460 2073 239 une tellefiãce, nõ point pour noz oeu

1733 3626 2113 228 ures, mais poͬ son sainct nom. Car il

1264 3755 2549 250 C

1722 3917 2080 239 Ainsi mena il les enfans. Disrael en

1711 4064 2120 251 la terre de ꝓmission, nõ point par leur

1714 4230 2066 232 merite, car il estoyent souuẽt rebelles,

1725 4388 2036 210 ⁊ murmurans contre luy, mais pour

1714 4521 2029 232 accõplir sa promesse. Car il lauoit pro

1714 4683 1844 258 mis a Abraham, Isaac. ⁊ Iacob.

3437 4878 309 244 Ainsi

1298 2918 420 195 Mat.11.

1272 3497 394 195 Iehã.1.
