4267 6212
1653 600 338 242 206

2426 579 1171 218 La uie dun citoyen.

1874 759 2120 217 autant quil est en uous ayans paix

1878 921 2112 200 auec tous les hõmes/ uous point def

1891 1066 2113 214 fendans/ mes treschiers/ mais dõnez

1871 1225 2154 189 lieu a ire. car il est escript. A moy soit la

1898 1370 2127 210 uengeãce/ et ie leur rendray dit le Sei

1864 1516 2149 218 gneur Dieu. Et si ton ennemy a faim

1902 1670 2119 224 donne luy a manger/ sil a soif/ donne

1912 1825 2113 221 suy a boire. Ne soys point uaincu du

1898 1977 2130 207 mal/ mais uainquis en bien le mal.

1884 2112 2134 233 Et outre S. Pierre. Nul ne rẽde mal

1895 2277 2106 218 pour mal/ ne malediction pour male¬

1902 2419 2085 210 diction. Ces parolles/ et autres sem¬

1905 2560 2099 211 blables semblent uouloir/ mesmemẽt

1919 2716 2085 203 ueulent que les bons Chrestiens ne se

1905 2867 2109 204 doibuent nullement deffendre ne par

1905 3016 2109 214 iustice/ ne autremẽt pour quelque iniu

1902 3164 2109 214 re quilz seuffrent des mauuais/ mais

1916 3319 2088 187 doibuent tout recommander a la bon

1909 3461 2085 210 ne uolunte de Dieu/ qui les deffen¬

1905 3630 2089 193 dra/ et tiendra mieux/ et plus salutai

1902 3772 2078 203 rement en leur droit/ que tous les iu¬

1912 3917 2061 210 ges du monde/ mais de ceste matiere

1912 4072 2040 203 parlerons nous au chapitre des deux

1922 4210 2023 217 gouuernemens. Tu esleueras sou

1919 4369 2023 200 uentesfoys ton coeur et ta pensee a

1926 4510 2013 249 Dieu/ en faisant ton labeur/ ⁊ luy fe¬

3721 4665 221 225 ras

1455 1527 372 227 Esa.5.

1449 2127 410 280 1.Pet.2.
