4267 7085
2854 637 165 301 11

626 619 2122 290 ¶ Du fondement de Chrestiente.

1212 858 937 263 Chapitre.1.

546 1241 629 748 L

1216 1212 1641 240 E fondemẽt de Chrestien

1216 1397 1637 220 te/ est la Foy/ laquelle ont

1228 1582 1594 212 peu de gens: cõbien q̃ un

1217 1735 1613 219 chascũ pẽse lauoir. Saĩct

488 1920 2338 225 Paul ne noꝰ tire a nulle uertu si fort

476 2097 2338 217 que a la foy: et ne prise en toutes

468 2267 2346 216 ses epistres nulle chose tant que icelle.

460 2440 2342 224 Pourtant fault il que ce soit une pre¬

456 2609 2346 221 cieuse uertu: car tout son but tend a

456 2778 2358 225 icelle. Nous tenons la foy pour le

444 2952 2370 224 commencement de Chrestiente, qui a

460 3121 2354 224 ꝑfaicte foy/ iceluy est urayemẽt mẽ¬

452 3294 2366 228 bre de Leglise/ et a tout ce qui est re¬

464 3463 2362 229 quiz a un Chrestien. Et cest erreur

464 3644 2342 225 uient par ce que ne scauons q̃lle chose

460 3802 2350 244 est la foy: ou quelle chose doibt croyre

488 3979 2310 244 un bon Chrestien pour estre sauue.

464 4152 2334 232 Nous cuydons que quãd nous som¬

456 4325 2342 236 mes baptisez/ et croyons que Dieu

448 4495 2342 220 est Dieu/ que alors serõs sauuez: com

444 4668 2319 240 me escript sainct Marc/ disant. Qui

436 4837 2350 244 croyra/ et sera baptise/ il sera sauue:

425 5010 2369 244 mais qui ne croyra/ sera cõdemne. Et

432 5187 2406 268 entre mille ny a point un qui sache

2334 5400 448 228 quelle

2822 2546 512 248 mat.10

2806 4691 496 181 marc.16.
