4267 6154
2610 656 215 292 5z

1189 670 753 191 Chapitreu.

461 830 2038 209 bailler aucune certitude. Car le Phari

471 988 2035 191 sien qͥ auoit faict moult de biẽs/ qͥ attẽ

464 1131 2031 198 doit grãd loyer de Dieu/ a este reprou

461 1266 2031 195 ue/ et cõtẽne. Cõme escript sainct Luc

464 1418 2018 209 ou chapitre .xuiii. Ou le pharisiẽ re¬

454 1579 2038 191 mercye Dieu/ qͥl nest point cõe les au

451 1716 2024 205 tres hõmes pecheurs: ⁊ se uãte de ses

430 1841 2067 210 bõnes oeuures. Et le publicain qͥ na¬

430 2003 2035 209 uoit faict nulz biẽs/ ⁊ cõfessoit hũble¬

425 2143 2036 216 mẽt ses pechez/ fut receu de Dieu en

441 2294 2027 222 grace. Pour ceste cause: affin q̃ chascũ

461 2444 1993 212 puisse scauoir q̃ dieu na q̃ faire de noz

451 2584 2003 209 bõnes oeuures poͬ noꝰ sauuer/ ie de¬

447 2724 1994 216 claireray icy p̃mieremẽt/ cõment noꝰ

441 2882 1784 184 sommes iustifiez/ et auons salut.

553 3022 1898 215 Premier/ noꝰ fault il scauoir q̃ par

437 3159 1993 232 le peche dorgueil/ nous estions faictz

451 3309 1983 215 subiectz ⁊ serfz au diable/ ⁊ nul au mõ

444 3459 1993 219 de ne noꝰ pouoit ayder: car tout hõme

441 3600 1986 229 estoit debteur a Dieu. Et q̃ pire est/

427 3750 2003 226 noꝰ ne recõgnoissiõs point nostre mi¬

427 3894 2000 225 sere: ⁊ ne demãdions point de secours

423 4041 2011 215 a Dieu. Quand dõc/ il nestoit nul cõ

423 4184 2011 236 seil ne moyen/ pour noꝰ ayder/ ⁊ pour

420 4338 1997 226 estre de rechef deliurez de la subiection

413 4485 1990 366 du diable/ nostre dieu tout guissant ꝑ

1759 4661 646 236 D 3 sa

2507 1312 354 175 Luc.18.
