4267 6154
2287 497 323 333 145

878 560 964 222 Chapitre .xuii.

338 721 2058 243 seulz Chrestiens/ et de ce sont souuent

338 888 2045 216 cause les seculiers qui plaignent sou¬

338 1039 2051 205 uentesfoys leur uie, au regard de la

335 1179 2041 222 uie des religieux, et ilz prisent lestat

345 1336 2034 202 de religion/ par ce quilz regardẽt seu¬

348 1480 2028 202 lemẽt les oeuures exterieures, ⁊ plai¬

345 1630 2034 199 gnẽt que Dieu ne les a point inuite a

345 1774 2024 181 une telle uie. Quãd les religieux ou

328 1917 2036 206 religieuses oyent cela, ilz se glorifient

317 2075 2035 195 en ce/ et se fiẽt en leurs oeuures ⁊ cuy¬

324 2212 2028 201 dent quil soit ainsi, et quilz sont plus

341 2359 2001 191 sainctz que les autres. Ceste est la plꝰ

331 2502 2031 195 dangerease tentation/ laquelle un re¬

341 2646 2028 174 ligieux peut auoir. Car par ceste ten¬

345 2782 2024 209 tation ilz se cõmencent souuentesfoys

341 2933 2048 195 a fier ⁊ attẽdre sur leurs oeuures/ non

345 3077 2031 194 obstant que souuent elles sont faictes

341 3237 2035 181 contre leur uolũte, ce q̃ iamais ne peut

345 3377 2020 188 estre bon. Comme auiourdhuy nous

359 3521 2006 188 uoyons que plusieurs moines ⁊ non¬

352 3668 2017 185 nains uiuẽt en leur cloistre cõtre leur

359 3815 1993 188 uolunte/ ⁊ tout ce qͥlz font ꝓcede dun

338 3962 2024 174 coeur cõtrainct ⁊ point uolũtaire. Et

335 4109 2041 185 ilz nosent uuyder de honte, pourtant

345 4253 2027 198 quilz lont promis/ et souhaytẽt souuẽ

345 4403 2038 222 tesfoys tous maulx a ceux qͥ leur ont

1832 4557 544 205 K con¬
