4267 6633
1534 825 232 177 N

2212 795 1328 196 Des bonnes oeuures.

1762 961 2121 210 ieune/ il celebre festes une foys dun

1766 1123 2124 196 sainct, lautre foys de lautre, il lit des

1766 1275 2132 195 oraisons, maintenãt deuant un aul¬

1762 1426 2150 202 te, maintenant deuãt lautre, il court

1762 1577 2139 213 en pelerinage, lune fois cy, lautre fois

1762 1746 2139 192 la, ⁊ ne scait iamais paruenir a repoz

1762 1890 2150 199 de conscience: Car telles oeuures ne

1766 2041 2135 210 font nul certain, mais font plustost

1784 2203 2114 195 un hypocrite, soy fiãt en ses oeuures.

1899 2354 2002 196 Mais le uray fidele sattẽd a dieu,

1748 2505 2146 196 car il scait qͥl ne peut iamais satisfai¬

1733 2653 2161 202 re, ne faire assez poͬ meriter la uie eter

1748 2796 2131 203 nelle. Et pourtant il prent une fiance

1755 2944 2106 210 en Dieu, ⁊ croit fermement quil a sa¬

1762 3095 2077 206 tisfaict pour nous, ⁊ quil nous a iusti

1762 3250 2084 210 fie ⁊ pourtãt, ce luy est tout un quelle

1759 3401 2083 202 chose il face, moyennãt qui puisse cõ¬

1759 3559 2083 199 plaire a Dieu, ⁊ exercer charite uers

1766 3710 2076 203 son prochain pour lamour de Dieu.

1740 3858 2095 195 Car il scait que Dieu ne demande que

1751 4016 2073 195 le coeur, ⁊ quil ne uise point commẽt

1755 4186 2047 180 on face loeuure, moyennãt quelle soit

1755 4322 2036 188 conforme ⁊ accordante a la doctrme

1751 4469 2029 192 Euangelique, laq̃lle ne cõmande que

1755 4617 2014 199 charite. Et ainsi, il uient par la foy, ⁊

1762 4768 2018 243 fiance en Dieu repoz de coeur, ⁊ de cõ

3426 4926 357 233 science.

1320 2295 405 192 Luce.17.
