4267 6096
1640 474 274 206 214

2599 474 719 189 Des riches.

1870 629 2105 227 saincte escripture ne cõmande point de

1888 795 2087 231 les dõner autre part: ⁊ Iesu Christ ne

1867 951 2105 210 te louera au iour du iugemq̃t pour au

1864 1107 2097 207 tre chose nulle fors pour ce q̃ tu auras

1860 1256 2115 203 ayde les paoures/ en leur dõnãt a boi¬

1857 1408 2115 204 re/ a mãger/ ⁊ uestir/ et uisiter en leur

1860 1557 2112 221 donnãt de tes biens quãd ilz estoyent

1843 1713 2132 210 malades/ ⁊ pour autre chose nulle se¬

1840 1876 2128 196 ras tu reprouue/ sinon pour auoir ou¬

1843 2032 2125 193 blie les paoures de Dieu. Pourtant

1860 2170 2105 187 faiz tu mal demployer en messes/ qui

1857 2309 2074 193 sont cõtre Dieu poͬ lydolatrie quon y

1867 2438 2064 227 faict en obitz/ ⁊ eglises/ les biẽs lesq̃lz

1850 2594 2084 213 tu doibs aux puoures: mesmes il ne

1843 2733 2078 233 ten fauldra point rẽdre cõpte au iuge

1840 2882 2067 230 ment/ quãd tu lauraz delaisse. Car la

1840 3037 2044 220 saincte escripture ne faict nulle mẽtiõ

1833 3186 2044 220 de toutes telles choses/ ⁊ elles sont in¬

1830 3339 2050 200 uẽtees par lauarice des hões cõme dit

1861 3488 2023 223 Iesus Christ aux Scribes et Phari¬

1823 3640 2057 207 siens en lEuãgile/ qͥ empeschoyẽt les

1819 3793 2054 210 gens dayder pere ⁊ mere/ poͬ leur fai¬

1813 3935 2047 217 re dõner offrãdes a lautel. Et S. Ie¬

1820 4077 2013 224 han Chrysostome dit. Ueux tu edifier

1792 4240 2027 210 la maison de Dieu ou leglise/ donne

1789 4399 2027 230 aux paoures fideles dont ilz puissent

3440 4561 349 241 uiure/

1430 782 438 203 Mat.25.

1382 3474 441 193 Mat.16

1325 4067 463 184 Chryso¬

1318 4213 366 186 stome.
