4267 6300
1655 647 284 228 14

2520 647 854 193 Des moines.

1862 1305 292 298 N

2019 801 1799 214 ¶ Si la uie dun moine uault

2002 976 1848 193 mieulx que celle dun cõmun ci¬

1995 1123 1693 207 toyen. Chapitre.xuii.

2186 1275 1765 200 A uie des moines, cõme elle est

2197 1417 1747 203 maintenãt conduyte au mõde,

1848 1589 2103 182 nest autre chose quune secte. Cõtrou¬

1851 1736 2093 192 uee des hommes par la suggestion

1848 1879 2093 200 du diable, ⁊ celle dun mesnagier, est se

1837 2030 2083 203 lon Dieu, admiz toutesfoys qͥ fussẽt

1834 2187 2103 196 bõs (ce qui nest pas) accõpare la uie

1834 2341 2089 182 du bon mesnagier, a la uie dun bon

1834 2495 2089 168 moine, ⁊ regarde lequel accorde plus

1841 2621 2089 196 pres a la doctrine Euangelique. Le

1834 2768 2086 207 moine est obeissant a son abbe, prieur,

1834 2926 2082 192 ou gardien. Le mesnagier obeit a son

1747 3080 2199 178 Magistrat, en ce quil luy plaist de cõ¬

1820 3220 2086 192 mãder, selon la parolle de dieu, beau¬

1820 3377 2096 186 coup plus uolũtairement que le moi¬

1816 3521 2079 196 ne a son abbe. Le moine promet pao¬

1820 3678 2072 182 urete: mais il na iamais disette, cõme

1827 3815 2044 206 dit S. Bernard, il est fume et nour¬

1816 3976 2030 185 ry des biens dautruy, gaignez par la¬

1816 4119 2016 196 beur dautruy. Il ne dõne a nully riẽ,

1816 4270 2009 168 mais receoit par tout. Le mesnagier

1820 4424 2009 182 ne uit point daumones cõme le moi¬

1830 4578 2009 217 ne, mais gaigne ses despens par le

3444 4721 385 207 labeur
