4267 6200
2360 668 280 179 2Ol

1031 647 957 196 Chapitre .xxiiii.

423 806 2013 206 doulcement/ et fraternellemẽt/ en luy

427 964 2009 203 remonstrant comment un bon Chre¬

437 1112 1989 196 stien doibt uiure. Et si dauenture en

434 1260 1999 190 tel cas il te tuoit/ tu mourrois pour la

444 1401 1951 180 uerite/ comme fit S. Iehan Bapti¬

437 1570 1961 169 ste/ et tu es un martyr de Dieu. Car

427 1694 1989 200 Dieu est la uerite. Le mesnagier

413 1853 2013 179 louera/ et rendra graces a Dieu de

399 1987 2027 200 bon coeur/ ponr autãt quil nest point

399 2145 2017 169 descendu dune hautaine/ riche/ ou no¬

392 2287 2037 186 ble lignee/ mais quil la faict naistre

392 2428 2017 182 dun estat/ auquel il gaigne son pain

406 2562 2006 186 par son labeͬ/ car cest la uie dun uray

406 2703 2027 197 Chrestien. Mais il ne mettra tou¬

406 2872 2037 169 tesfoys point en cecy sa fiance/ comme

410 3003 2026 193 si pourtant il fust meilleur quun au¬

403 3168 2037 169 tre: car iasoit quen ceste maniere il gar

403 3289 2026 196 de le commandement de Dieu/ il ne le

413 3444 1999 189 garde point possible en autres choses/

417 3596 1999 182 pourtant nous fault il tousiours estre

413 3737 1993 199 tressongneux de demourer en humili

413 3895 1979 169 te. Dieu nous nourriroit biẽ tous

413 4030 2003 189 sans nostre labeur/ comme il nourrit

399 4174 2013 193 les cinq mille personnes au desert. Et

403 4329 2009 179 nous garderoit bien sans auoir tant

410 4470 2006 214 de mestiers au monde. Mais il la

1654 4622 744 238 N5 ainsi

2440 1436 410 179 Mat.14

2433 1598 441 224 Iehã.14.

2414 3748 419 189 Mat.14
