4267 6329
1681 731 172 197 88

2557 731 999 200 De seruir Dieu.

1946 854 2094 285 par charite: car ilz congnoissent quel,

1938 1054 2079 225 biens ilz ont ia receu de Dieu: par ce

1938 1209 2082 218 quilz croyent q̃ dieu les a faict ses en¬

1945 1360 2079 208 fans/ ⁊ ses heritiers. Car sainct Paus

1967 1497 2046 232 dit: Uous estes tous enfans de Dieu

1941 1663 2079 221 poͬce q̃ uoꝰ auez creu en Iesu Christ.

1931 1814 2086 218 Et de rechef: Pour autant que uous

1927 1972 2090 215 estes enfans/ dieu a enuoye lesprit de

1938 2120 2072 214 son filz en uoz coeurs/ criant/ Pere/

1941 2274 2065 204 Pere. Tu nes donc maintenãt point

1934 2419 2072 214 serf/ mais filz. Et si tu es filz/ tu

1927 2563 2079 218 es aussi heritier de dieu par Christ. Cõ

1927 2703 2083 239 me dit sainct Paul aux Thessaloni¬

1940 2842 2068 243 censes: Uous estes tous enfans de lu

1910 3006 2096 221 miere/ et enfans de Dieu. Les en¬

1931 3150 2068 236 fans de Dieu donc et les urays Chre

1927 3301 2055 243 stiens ne desirent point daquerre lheri

1917 3456 2054 239 tage celeste par leur seruice/ car ilz sca

1913 3621 2037 218 uent ꝑ les certaines ꝓmesses de dieu/

1906 3758 2037 232 lesquelles ilz croyent/ que dieu de soy

1906 3920 2009 211 mesme leur a purement et liberale¬

1896 4050 2001 222 mẽt dõne. Cõme quãd un bourgenis

1896 4208 2005 229 a un seruiteur et un filz. Le seruiteur

1896 4363 2001 229 sert son seigneur ⁊ ne lose offenser de

1892 4507 2033 232 peur de perdre son loyer qͥl attend: car

1878 4658 2019 261 il le sert pour ses gaiges, ⁊ apres quil

3700 4869 180 183 les

1545 1487 395 227 Gal.3.

1450 2826 480 259 1.Thes¬

1480 3030 292 204 sa.5.
