4267 6329
1624 690 222 301 80

2557 717 714 207 De la Foy.

1864 889 2128 215 greable a Dieu quãd il ne donneroit

1867 1058 2115 179 que une petite goutte deaue poͬ dieu

1871 1198 2114 197 cõe escript S. Matthieu. Car la chari

1864 1360 2118 194 te en dieu ne peut pecher/ tout ce quel¬

1860 1508 2132 197 le faict est biẽ faict. Car le sainct esprit

1871 1649 2118 203 qͥ a mis ceste charite en noꝰ ne peut mal

1878 1793 2111 218 faire. Et si dauẽture ꝑ une telle bõne

1864 1954 2118 208 intẽtion on faisoit q̃lq̃ mal/ ꝑ erreur/

1864 2106 2121 190 ce mal sera incõtinent pardõne ⁊ repu

1867 2250 2118 204 te pour bien/ par la bõne intẽtiõ ⁊ cha

1874 2394 2101 207 rite qͥl a uers dieu. Car Iesus dit en

1881 2549 2094 204 Leuãgile: Si ton oeuil (cest a dire ton

1867 2693 2129 197 intẽtiõ) est simple/ ⁊ tirant a biẽ/ tout

1874 2851 2111 190 ton corps (cestadire ton operatiõ) sera

1874 2995 2108 197 lumineux/ ⁊ bon. Et sainct Paul dit.

1878 3164 2097 176 Nous scauõs/ q̃ a ceux qͥ aymẽt dieu/

1878 3298 2086 193 toutes choses leur sont ẽsemble un se¬

1878 3442 2072 193 cours/ ⁊ ayde a bien. Toꝰ ceux qͥ sont

1885 3589 2072 201 cõstãs en ceste foy ⁊ charite/ sont en¬

1885 3734 2061 200 fans de dieu/ ⁊ playsant a dieu. Cõme

1878 3885 2047 197 tesmoigne saĩct Pierre/ ou il parle es

1882 4029 2021 200 Actes des Apostres. Ie trouue parrf¬

1881 4184 2027 204 fect/ qͥl nest nul regard de ꝑsonnea de¬

1874 4338 2037 190 uãt dieu/ mais en toute natiõ/ qͥ craĩt

1885 4483 2044 196 dieu/ et faict iustice/ celuy luy est ag¬

1881 4641 2034 218 greable. Car dieu na que faire de noz

3545 4788 380 183 oeures

1431 3122 387 197 Rom.8.

1418 3992 359 274 Act.10.
