4267 6300
1627 616 242 339 140

2506 619 861 196 Des moines.

1855 766 2110 280 gieux, que moines, selon la uie quilz

1848 948 2128 235 mainẽt. Car moine selon le grec, signi

1862 1102 2100 231 fie solitaire, ou uiuãt seul, comme ilz

1851 1239 2111 248 souloyent uiure iadiz, quand leur uie

1844 1396 2093 242 estoit bõne, ⁊ saincte. Mais religieux

1851 1547 2097 238 selon le latin, cestadire lye, ⁊ subiectz.

1830 1701 2121 231 Car quest maintenant la uie des reli¬

1830 1855 2107 234 gieux, fors une superstitieuse subie¬

1823 2016 2097 217 ctiõ a certaines ⁊ uaines ceremonies?

1823 2156 2104 231 Pourtant peuuent ilz maintenãt par

1813 2296 2093 248 bonne raison estre appellez religieux,

1813 2450 2107 231 cestadire, captifz, emprisonnez en une

1813 2586 2100 235 uie ceremonieuse, ⁊ du tout Iudaicq̃.

1809 2737 2104 241 Mais leur intention nest point destre

1809 2901 2097 238 appellez religieux poͬ ceste cause: car

1799 3048 2096 228 ce mot religieux signifie aucunesfoys

1795 3199 2097 224 sainct ⁊ adõne au seruice de Dieu. Et

1792 3335 2089 245 pourtãt ueulent ilz estre appellez ain

1788 3503 2090 235 si entendantz quilz sont plus sainctz

1796 3647 2064 234 que les autres. Iasoit q̃ Lapostre dit.

1778 3787 2054 252 Celuy, qui se cuyde estre q̃lque chose,

1778 3937 2054 238 cõme ainsi soit quiil nest riẽ, il deceoit

1785 4091 2026 235 soymesme. Toutesfoys au tẽps ia¬

1774 4256 2023 206 diz regnoit toute uertu entre les reli¬

1774 4399 2006 221 gieux, et ne hantoyent point les mon

1774 4539 2009 256 dains, ⁊ pourtãt pouoyẽt ilz biẽ estre

3384 4735 385 214 appel¬

1347 3657 397 178 Gal.6.
