4267 6200
2278 496 307 234 227

906 506 993 220 Chapitre .xxui.

344 661 2034 244 mal/ ⁊ iniure dun chascũ. Si dõc tout

344 840 2044 214 le monde estoit Chrestien/ toutes per¬

365 971 2023 227 sonnes garderoyẽt egallemẽt ce paysi

351 1122 2020 214 ble cõmãdement/ et feroyent aussi toꝰ

358 1267 2027 210 ainsi. Mais pource q̃ maintenãt ilz ne

361 1412 2020 217 sont point Chrestiens/ les parolles de

365 1563 2002 221 Iesu Christ/ ne leͬ uont poĩt a coeur/

351 1705 2023 223 et ne sont aussi point ainsi/ et pourtãt

344 1866 2034 204 appartiennent ilz a lautre gouuerne¬

330 2011 2048 186 ment seculier/ par leq̃l on cõtrainct les

330 2159 2055 183 non Chrestiẽs de exterieurement gar¬

334 2290 2054 203 der paix/ ⁊ de ne faire mal. Pour ceste

344 2431 2054 214 cause na Iesu Christ point porte glai

341 2576 2064 200 ne/ ne ordõne en sõ royaume spirituel.

348 2707 2061 224 Car il est roy ꝑ dessus toꝰ urays Chre

351 2858 2054 224 stiẽs/ ⁊ gouuerne sans glaiue/ ⁊ sans

355 3003 2057 224 aucune loy exterieure/ mais seulemẽt

365 3155 2047 217 par son S. Esprit/ ouurãt interieure¬

372 3296 2037 217 ment es coeurs humains. Et iasoit q̃

386 3441 2026 223 Iesus Christ a ordonne le glaiue secu

375 3592 2034 207 lier pour les Seigñrs tẽporelz/ il nen

379 3744 2044 206 a toutesfoys point use/ car il ne duict

382 3888 2037 210 point a son royaume/ auquel ne sont q̃

375 4036 2061 207 bons et iustes. Et pour ceste cause ne

386 4174 2057 214 pouuoit Dauid edifier le temple de

410 4326 2044 237 Dieu pourtãt qͥl auoit respãdu beau¬

1688 4481 755 203 P 2 coup
