4267 6425
1549 530 246 353 176

2495 646 857 174 Des moines.

1781 810 2189 207 me Chrestienne de soy accoustrer exte

1785 978 2185 192 rieurement, cõme font les payennes.

1822 1135 2150 182 Car le Prophete Esaye les redargue

1803 1295 2178 193 ⁊ reprent notoiremẽt. Et peu souuẽt

1792 1445 2196 200 est la femme dun hõme seul/ qui se ac¬

1792 1599 2189 203 coustre ainsi exterieuremẽt. Et celles

1799 1759 2185 207 qͥ font ainsi/ donnent a plusieurs occa

1788 1913 2193 189 sion de mauuais desirs/ ⁊ ueu que tu

1792 2073 2189 193 as un mary/ pourquoy ueulz tu com

1788 2230 2193 200 plaire aux autres? En ce sera lhõme

1785 2380 2192 197 le chef/ ⁊ le seigñr de la femme/ ⁊ def¬

1788 2527 2186 203 fendra telle superfluite/ ⁊ uaine gloi¬

1792 2687 2175 193 re en sa femme/ ⁊ il lenseignera ⁊ ad¬

1785 2834 2174 196 monestera quelle face diligence de cõ¬

1799 2998 2153 189 plaire par uertuz/ ⁊ saincte conuersa¬

1796 3141 2128 203 tion/ ⁊ poĩt par ioyaulx/ ou sũptueux

1792 3298 2117 196 abiz. Car de telles choses se pare bien

1799 3448 2110 203 aussi la folle femme. Et si tu es fort

1796 3612 2117 189 taille du seigneur, ce nest point mer¬

1799 3769 2125 189 ueille quand il uoit q̃ tu es si põpeu¬

1799 3919 2114 185 sement acoustre. Car les seigñrs des¬

1788 4072 2125 193 pendent tes biens selon quilz uoyent

1799 4229 2100 197 que tu te uestz exterieuremẽt. Pour¬

1822 4374 2069 193 tant pensera le mary q̃ la femme gar¬

1803 4543 2081 190 de en cecy mesure. Et la femme obeira

1810 4697 2064 275 alors a son mary cõe a son souuerain.

3670 4865 214 203 Et

1329 1129 472 214 Esaye.3.

1383 4213 434 445 1.Pet.3.
