4267 6200
2226 461 293 224 225

899 458 1075 206 Chapitre .xxui.

248 630 2037 217 de obseruer ⁊ tenir un cõmun gouuer

258 781 2016 217 nement Chrestien/ mesmemẽt aussi en

268 933 2013 210 un payz ou en une grande cõmunite:

261 1085 2006 203 car les mauuais sont tousiours en plꝰ

261 1222 2031 200 grand nõbre q̃ les bons fideles. Pour

265 1377 2016 204 ceste cause uoloir gouuerner un pays

265 1515 2027 217 selon lEuangtle sans glaiue de iusti¬

261 1674 2027 196 ce/ cest cõe si aucun uouloit mettre en

258 1804 2016 217 une estable ensẽble/ cerfz/ loupz/ lyõs/

241 1959 2051 207 brebyz/ ⁊ autres semblables/ et laisser

241 2118 2040 186 toutes ces bestes cõuerser lun parmy

244 2259 2054 186 lautre. Cõbien de temps auroyent el¬

234 2393 2078 193 les paixlune auec lautre/ ⁊ quand lon

244 2528 2051 206 guemẽt uiuroyẽt les paoures brebyz?

255 2669 2061 207 Pourtãt fault il laisser en leur entier

255 2814 2061 210 ces deux gouuernemens icy/ Le spiri¬

258 2958 2058 210 tuel ⁊ Euãgelique: pource qͥl iustifie ⁊

255 3110 2057 213 amaine salut. Lautre pourtant qͥl en¬

261 3255 2055 203 tretiẽt la paix. Lun ne suffit point au

261 3399 2055 210 mõde sans lautre. Car sãs le spirituel

268 3551 2041 203 gouuernemẽt de Iesu Christ/ ne peut

268 3695 2037 207 nul estre sauue ne iustifie deuãt Dieu

275 3844 2034 203 par le gouuernemẽt mõdain. Ainsi ne

268 3999 2041 192 domine point le gouuernemẽt de Ie¬

279 4136 2030 204 su Christ sur toutes personnes: car les

279 4281 2033 258 urays Chrestiẽs sont tousioͬs en plus

1743 4422 568 243 P petit
