4267 7486
2855 717 287 312 47

1240 748 962 229 Chapitre .iiii.

503 944 2381 253 des/ riches ou pouures/ hõnorez ou cõ

503 1152 2377 224 temnez/ nobles ou ignobles/ uifz ou

503 1326 2381 221 mortz: nous serons tousiours cõtens

520 1497 2369 241 quelq̃ chose q̃ Dieu nous enuoye: sca¬

516 1671 2385 225 uans certainemẽt/ q̃ riẽ ne aduiẽt sans

503 1842 2373 233 la bonne uolũte ⁊ permission diuine.

487 2008 2393 246 Car sil est ainsi q̃ point ne cheoit une

478 2191 2386 233 fueille dun arbre/ ⁊ qͥl ne descẽd point

491 2370 2364 233 un passereau ou mouchõ a terre/ sãs

474 2541 2385 232 la bonne uolũte diuine/ combiẽ plus

474 2711 2377 225 ne nous aduiẽt il rien/ fors ce q̃ Dieu

487 2882 2361 268 permet: cõme escript sainct Matthieu

495 3069 2356 224 ou nostre seigneur dit. Ne sont point

487 3223 2368 257 deux passereaux uẽduz pour un de¬

478 3401 2373 250 nier: ⁊ lun diceux ne cherra a terre sãs

482 3564 2365 266 le pere celeste. Quelconque chose dõc

491 3751 2352 254 que Dieu nous enuoye/ nous le rece¬

499 3921 2335 250 purons: luy rẽdãs graces de bõ coeur.

507 4084 2323 278 Comme faisoit Abraham qͥ delaissoit

516 4267 2327 270 son payz ⁊ sa terre/ (cõme il est escript

493 4447 2312 275 en Genese) ou Dieu dist a Abraham.

478 4624 2348 266 Ua hors deton payz/ et hors de ta li¬

482 4782 2327 279 gnee/ ⁊ ua en la terre/ laq̃lle ie te mon

474 4946 2318 300 streray. Qui aussi estoit prest/ de occir

478 5140 2331 274 son tresayme filz Isaac, Maintenãt/

499 5308 2349 362 ueu q̃ nous sommes enfans Dabra¬

2399 5564 406 324 ham/

2861 2863 500 343 Mat.10.

2823 4460 494 299 Geñ.12.

2842 4996 469 281 Geñ.22.
