4267 6225
1609 529 301 275 254

2149 511 1574 239 Des seruans/ ⁊ seruantes.

1830 688 2149 245 quelz tu sers exterieuremẽt. Cõe faict

1844 847 2166 238 S. Paul leuesque qͥ se rendit au serui

1851 989 2121 252 ce des Seigñrs pour le filz dune ueuf

1858 1162 2128 221 ue. Et pourtant qͥl auoit donne tous

1868 1300 2129 235 ses biens pour lamour de Dieu/ il a

1868 1462 2135 239 aussi donne soymesme en un ꝓpre ser

1875 1615 2139 235 uice pour lamour de Dieu/ pour deli¬

1879 1760 2131 232 urer le filz de la ueufue. Et ne soys

1882 1912 2135 239 point triste q̃ ton Seigñr ne te laisse

1892 2064 2125 242 poĩt aller a leglise ouyr le sermõ quãd

1889 2213 2149 235 tu uoudroys biẽ. Car tu peuz aussi biẽ

1899 2375 2132 215 complaire a Dieu nr̃e createur en fai¬

1906 2517 2122 218 sant ta besongne ꝑ une telle bõne intẽ

1913 2666 2104 225 tion/ cõe si tu estois en leglise quãd tu

1913 2818 2101 225 le crois mais/ il te fault faire ton la¬

1917 2970 2086 218 beur en une telle foy cõe dessus est dit.

1936 3112 2045 233 Dieu ne demãde point q̃lle chose noꝰ

1924 3285 2052 218 faisons/ ou en quel lieu noꝰ sommes:

1934 3441 2031 193 mais de q̃l couraige/ ⁊ en q̃lle foy noꝰ

1937 3575 2046 229 faisons nostre labeur. Les seruãs/

1931 3724 2072 232 et seruantes se garderont soigneuse¬

1934 3894 2069 197 ment de courroucer leur Seigneur ou

1934 4035 2073 218 dame. Et quand ce aduiẽt ilz leur prie

1941 4188 2052 221 ront mercy. Il fault tousiours attri¬

1941 4333 2049 225 buer q̃lq̃ chose a son Seigñr/ ⁊ suppor

1944 4485 2056 266 ter tousiours une hastiue parolle/ et

3779 4622 249 243 soy

1578 3143 347 239 Ieh.4.
