4267 6154
2225 615 229 273 163

827 629 810 191 Chapitre .xx.

200 2425 200 313 O

167 769 2045 236 acquierent la uolunte de faire ainsi: ⁊

170 929 2042 226 quand ilz y ont este un an ilz ont repẽ

174 1090 2034 198 tance de y auoir entre: car il ny a point

174 1220 2024 209 desprit qui les puisse consoler/ ⁊ se hõ¬

177 1374 2014 212 tissent de uuyder/ ⁊ font ainsi leur ꝓ¬

191 1514 2007 215 fession contre leur uolunte/ ⁊ comme

184 1664 2021 206 ilz commencent dun froid couraige/

181 1812 2014 215 ainsi demeurẽt ilz cõmunemẽt froidz

169 1959 1046 194 et alienez de Dieu.

292 2102 1774 185 ¶ De la uie des moines/ et nõ¬

297 2256 1487 185 nes. Chap̃. .xx.

415 2405 1774 179 N uoit auiourdhuy aussi plusieͬs

420 2553 1780 175 monasteres de nonnes/ ausquelz

184 2683 2038 199 on chãte et lit beaucoup. Et ce me sem

181 2827 2044 198 ble merueille dont leur uient le chan¬

184 2981 2045 184 ter. car ueu quelles nentendent point

188 3121 2017 205 ce quelles chantent/ ie ne scay q̃l prouf

194 3261 1995 216 fit il en uient. S. Paul deffend de chã

205 3422 2017 195 ter en lesglise (cestadire en lassemblee

208 3572 2017 192 des Chrestiens) quelque chose/ laquel¬

201 3716 2024 181 le nul nentẽd. Le chãter donc des moi¬

201 3877 2031 174 nes/ ne pareillem̃t des autres religieu

215 4013 2017 188 ses/ ne peut estre aggreable a Dieu

222 4157 2027 191 ueu quelles ne lentendent point. Et

222 4314 2024 181 icelles ny peuuent prẽdre aucune ioye

225 4454 2035 233 spirituelle, ne quelque amendement/

1456 4594 797 206 L 2 mais

2220 3179 457 287 1.Cor.14.
