4267 7306
2915 633 223 235 93

1303 633 921 227 Chapitre .x.

475 819 2452 248 fiteroit rien, si Iesus Christ neust la¬

463 1022 2438 207 boure pour nous. Car (cõe dit sainct

475 1197 2435 223 Paul) la loy na rien amene a perfe¬

479 1371 2436 228 ction. Les Iuifz gardoyent les com¬

487 1546 2428 227 mandemens, ⁊ la loy de Dieu, ilz ne

491 1733 2415 215 pouoyent toutesfois paruenir au ciel.

499 1891 2420 248 Il estoit besoing, q̃ Iesus Christ mou

466 2082 2453 223 rust premierement pour eux. Ainsi ne

458 2260 2461 224 pouons noꝰ aussi estre sauuez par noz

462 2439 2465 219 oeuures. Nostre salut noꝰ est uenu de

458 2613 2461 228 Dieu. Car si par noz oeuures nous

495 2792 2436 211 pouõs acquerir salut, il fault dire que

493 2952 2439 232 Iesus Christ est mort en uain, cõme

495 3121 2432 231 dit sainct Paul. Et Abraham, Isaac,

487 3307 2440 220 Iacob, ⁊ Dauid, ⁊ plusieurs autres

495 3478 2468 239 Iuifz eussent bien este sauuez (cõme

491 3665 2452 190 nous auons dit) deuãt la natiuite de

503 3827 2432 235 Iesus Christ, car ilz gardoyẽt mieulx

503 4006 2432 223 les cõmandemens de Dieu q̃ ne fai¬

519 4176 2404 236 sons. Mais Dieu le ueult faire seul,

515 4355 2404 235 affin que nul ne se glorifie, ⁊ q̃ a luy

511 4533 2416 232 seul soit dõnee toute gloire, ⁊ tout hõ¬

503 4708 2436 231 neur eternellemẽt. Amen. Poͬ ceste

507 4886 2452 232 cause quand la personne scait certaine

499 5061 2472 231 ment que Dieu le a faict enfant de la

511 5244 2436 304 uie eternelle par sa mort, deuant q̃lle

2574 5430 365 321 leust

2852 961 525 335 Hebr.7.

2925 2800 543 445 Gala.2.
