4267 6631
1575 574 182 315 ur

2476 663 762 210 De salut.

1774 2403 320 365 M

1816 832 2226 254 quil ne nous reprouuera point, iasoit

1827 994 2204 254 q̃ maintenãt icy il noꝰ chastie. Car (cõe

1835 1160 2177 232 iay dit) il ne peut estre plus certain si¬

1823 1318 2182 232 gne q̃ Dieu tayme/ fors quand dou¬

1812 1469 2204 236 leur, et tribulation te aduient. Car

1812 1635 2197 229 toutes les escriptures du nouueau te¬

1801 1762 2228 277 stament, ne nous promettent icy rien:

1801 1950 1681 188 que douleur et souffrance.

2039 2105 1824 221 ¶ De la certaine uoye de sa¬

2006 2249 1415 232 lut. Chap̃.u.

2116 2409 1869 204 E doibt scauoir chascũ Chrestie.

2096 2593 1861 203 que nul depuis le tẽps dAdã ius¬

1790 2711 2185 247 ques au iourdhuy, na desseruy, ne me¬

1779 2866 2185 232 rite la uie eternelle ꝑ ses bonnes oeu¬

1776 3024 2192 236 ures, ⁊ que par ses bõnes oeuures nul

1768 3186 2185 225 ne le meritera. Cõe escript saĩct Paul

1785 3321 2161 265 aux Hebrieux. La loy na riẽ amene a

1768 3497 2156 232 perfection. Pourtant errẽt, tous ceux

1746 3647 2170 243 qui cuydẽt, que alors ilz serõt sauuez,

1753 3794 2152 254 quãd ilz aurõt faict plusieurs bonnes

1742 3967 2167 228 oeuures, ⁊ pareillemẽt tous ceux/ qui

1735 4116 2161 227 cuydent quilz seront dãnez: quand ilz

1728 4262 2133 221 nõt faict nul biẽ. Car bõnes oeuures/

1720 4416 2137 251 ne font nul certain quil sera sauue, ⁊ qͥ

1717 4571 2122 247 na faict nul biẽ, nest aussi poĩt certain

1717 4730 2126 269 quil sera dãne. Les oeuures ne peuẽt

3430 4932 402 240 bailler

1304 3276 470 260 Hebre.7.
