4267 6154
2513 651 194 266 5i

1114 683 810 188 Chapitre .iiii.

396 851 2075 195 lation/ pour lamour de luy/ cõe firenc

406 998 2042 188 Iob, et Thobie, et plusieurs autres.

403 1148 2055 192 Car sans doubte, Dieu scait q̃lle cho¬

420 1288 2014 199 se nous est salutaire. Et qͥ murmure,

420 1432 2024 191 ⁊ se plaint contre Dieu en sa tribula¬

410 1582 2038 188 tiõ, il nest point chrestiẽ: car il ne croit

410 1729 2031 195 point q̃ Dieu le gouuerne, ⁊ traicte se

396 1870 2038 201 lon son salut. Mais q̃ sommes noꝰ au

396 2020 2024 195 tre chose, que argille en la main du po

393 2167 2037 195 tier? Cõme dit sainct Paul en ceste ma

389 2318 2036 200 niere. O hõme, qui es tu, qͥ murmure

413 2454 2000 202 cõtre Dieu? Peut dire le pot a celuy/

423 2594 2007 202 qͥ le a faict pour quoy mas tu faict aĩ¬

420 2735 2010 205 si? Non. Et cõme le potier peut faire

410 2882 2020 198 tel pot quil ueult de largille, ou terre.

410 3025 2014 199 ainsi sommes noꝰ es mains de dieu, ⁊

400 3164 2036 220 noꝰ serõs cõtẽs de tout ce q̃ dieu ueult

434 3326 1996 188 faire de noꝰ, car noꝰ sommes siẽs, soit

451 3471 1959 206 q uiuõs ou mourõs/ dit sainct Paul.

430 3610 1980 222 Pour ceste cause, qui dune ferme foy

434 3760 1993 205 souffre ⁊ endure patiẽmẽt toutes cho¬

430 3907 1990 205 ses, et toutes tribulatiõs celuy est un

413 4047 2021 216 Chrestien. Et ceste est la foy, et ferme

413 4198 2024 219 pierre sur laq̃lle est fondee la Chrestiẽ

413 4352 2011 205 te. Car en ce faisant: nous croyons et

417 4489 2017 242 fiõs fermemẽt q̃ Dieu est nr̃e Pere, ⁊

1613 4673 828 216 D 2 quil

2441 2292 405 241 Rom.9.

2441 3518 364 235 Ro.14.

2465 4335 417 229 Mat.16.
