4267 7486
2823 673 250 300 45

1128 715 953 233 Chapitre .iiii.

381 879 2411 262 a redargue ses Apostres de leur incre¬

387 1089 2427 216 dulite. Et Moyse ne pouoit mener le

403 1268 2406 245 peuple Disrael en la terre de promis¬

403 1443 2419 237 sion/ pourtant qui nauoit point baille

407 1613 2407 241 gloire a Dieu/ ⁊ quil cõmẽcea a dou¬

395 1788 2419 237 bter de Dieu: affin q̃ par ce nous fust

391 1962 2418 238 declaire/ q̃ seulement une ferme foy et

387 2139 2455 237 fiãce en Dieu nous peut mener en la

387 2337 2418 216 terre de promission du royaume des

387 2495 2399 218 cieux. Cõme il est escript en Deutero¬

387 2682 2399 212 nome/ ou Moyse le ꝓphete dit au peu

428 2848 2390 221 ple Disrael. Tu nẽtreras point en la

420 3035 2398 204 terre de promission a cause de tes iusti

424 3198 2406 220 ces/ ⁊ de lequite de ton coeur: mais af¬

418 3343 2412 237 fin q̃ le seigneur Dieu accõplisse la pa

431 3549 2399 225 rolle/ laquelle il a ꝓmise par sermẽt a

416 3718 2402 224 tes peres Abraham/ Isaac/ et Iacob.

437 3874 2411 224 Et pourtant est le ciel appelle la terre

456 4048 2374 243 de ꝓmissiõ. La cause par laquelle noꝰ

462 4237 2352 242 sommes sauuez/ ne uient point ꝑ noz

453 4404 2377 233 bõnes oeuures/ ⁊ merites: mais pour

449 4578 2377 242 ce q̃ Dieu le nous a promis. Et fault

457 4757 2373 229 fermemẽt ⁊ sans doubtãce croyre/ que

453 4924 2369 241 Dieu ueult dõner uertu a ses parol¬

445 5111 2377 241 les/ auant que dun parfaict couraige

441 5281 2377 316 nous puissions croyre en luy. Car

2393 5468 429 300 Dieu

2823 2464 469 268 Deut.9.
