4267 6200
2374 568 214 189 195

1002 571 1017 207 Chapitre .xxiiii.

305 697 2027 264 strons aux mesnagiers cõment ilz ui

310 881 2037 231 uront salutairement: car il fault quil

323 1036 2027 221 sachent comment ilz doibuent uiure.

320 1198 2020 210 Premierement donc gardera le mes¬

317 1336 2037 217 nagier/ soit lhõme de mestier ou mar¬

320 1477 2027 217 chãt la reigle que Dieu a baille en lE

310 1627 2012 217 uangile/ cest assauoir que en toute sa

317 1773 2040 207 marchandise ⁊ en tous ses affaires il

306 1918 2051 214 face a autruy cõe il uouldroit auoir.

296 2066 2058 197 Et ne doibt iamais querir son propre

310 2218 2044 200 proufit/ au detriment ou dommage

303 2349 2057 213 dautruy. Et il ne fault iamais despri

317 2504 2050 189 ser les biens de son prochain/ mais il

317 2641 2054 204 luy fault souhaiter ⁊ uouloir autant

320 2783 2047 203 de bien comme a soymesme. Car S.

320 2934 2033 202 Paul nous cõmande que nul ne frau

323 3079 2048 210 de son frere en aucune besoigne/ pour

313 3220 2058 214 ce que le Seigneur Dieu est uengeur

337 3379 2058 192 de tous telz. Car nous sommes tous

348 3520 2037 193 confreres/ ⁊ membres dun corps. Et

358 3668 2034 196 pourtant te garderas tu destriuer/ ou

351 3813 2023 199 de mouuoir aucune dissentiõ auec ton

355 3947 2047 207 prochain/ soit riche ou paoure/ noble

355 4102 2085 203 ou ignoble. Car nous sommes toꝰ ega

351 4247 2065 206 lement nobles deuant Dieu/ par ce

365 4402 2054 234 quauons tous ensemble un Pere. Car

1402 4526 1010 230 N 2 S. Paul

2368 749 347 237 Ieh.10.

2374 1601 336 238 Mat.7

2379 2924 424 258 1.thes.4.
