4267 6633
1718 751 336 188 120

2164 729 1734 232 De quatre manieres de Foy.

1937 873 2119 282 aussi celuy qui la commande, ⁊ ainsi

1942 1055 2114 260 ce repugne a la iustice diuine. Car aus

1958 1201 2095 261 si longuement que la personne est tel¬

1932 1359 2128 247 le/ elle ne peut estre iuste. Car nul ne

1939 1510 2106 262 peut estre iuste/ fors celuy qui garde ⁊

1936 1680 2113 236 accomplit les commandemẽs de dieu

1928 1831 2121 243 par charite, et dun coeur ioyeux. Et ce

1921 1971 2109 243 ste est une singuliere grace de Dieu/

1914 2129 2120 255 et pourtant ne se peut nul orgueillir a

1914 2284 2116 243 cause dicelle/ car il ne le peut auoir de

1910 2432 2109 254 soy mesme. Ainsi na lhomme rien de

1931 2575 2086 277 soymesme de quoy il se puisse esleuer.

1903 2719 2109 265 Car sans Dieu ne pouons nous rien

1909 2863 2108 276 faire (cõme dit Iesus Christ mesme)

1891 3029 2077 265 ne point aussi auoir une bõne pẽsee.

1910 3194 1302 199 comme dit S. Paul.

2024 3327 1940 273 Pourtant nest nulle uoye plus cer

1873 3478 2073 265 taine pour paruenir a la uie eternelle,

1880 3640 2073 243 que de soy humilier deuãt Dieu/ et de

1866 3788 2091 258 luy prier humblemẽt mercy ⁊ soy nul

1858 3935 2077 258 lement attendre/ ou fier en ses bonnes

1862 4094 2065 254 oeuures: mais dune ferme fiance soy

1858 4241 2032 258 du tout abandonner a Dieu, en recon

1855 4396 2021 258 gnoissant tousiours nostre imperfe¬

1847 4569 2021 228 ction. Car nous ne pouõs a rien parue

1851 4709 2010 269 nir par noz bonnes oeuures/ si nous y

3558 4923 307 195 met¬

1442 2664 420 188 Iehã.15.

1442 2811 416 188 2.Cor.4.
