4267 6154
2417 625 198 226 193

1039 605 985 205 Chapitre .xxiiii.

371 2283 285 296 E

376 769 2061 198 et quen iceluy il soyt appelle: non pas

379 926 2062 198 par un desir ligier de soy ou de ses pa

376 1080 2068 174 rens: seulement ꝑ la uocation du Sei

379 1227 2039 198 gneur. Cecy plainct aussi S. Augu¬

389 1367 2031 209 stin au liure de ses cõfessions au Cha¬

396 1524 2045 192 pi. .ii. que ses parens auoyent este mal

400 1671 1798 192 soigneux de luy en ceste besoigne.

506 1818 1788 185 ¶ De la uie des communs ci¬

687 1959 1379 184 toyens ou mesnagiers.

964 2092 800 210 Chap̃. .xxiiii.

632 2249 1792 195 N tout le monde nest nulle uie

682 2405 1748 179 plus Chrestienne/ ⁊ laquelle soit

364 2548 2051 180 plus selon lEuangile comme la uie

376 2690 2048 178 des citoyẽs ⁊ communs mesnagiers/

376 2827 2061 195 qui par le labeur de leurs mains et en

372 2977 2069 188 la sueur de leur uiaire/ gaignent leur

374 3112 2041 195 pain ⁊ les despẽs. Car S. Paul se de¬

369 3266 2046 190 lecte en toutes ses Epistres/ dauoir

393 3418 2037 192 gaigne son pain par le labeur de ses

389 3562 2048 195 mains. Et reprent les uefues oyseu¬

396 3709 2045 195 ses lesquelles uont plaider ꝑ les mai¬

406 3859 2042 175 sons. Pourtant uauldroit il beau

396 4003 2058 198 coup mieux pour la Chrestiente de fai

389 4160 2065 195 re que toute personne fist quelque me¬

400 4304 2061 195 stier/ et quon ne laissast point tant de

403 4454 2055 223 ieunes et fortes personnes pourchas¬

2020 4601 431 195 N ser

2435 1220 409 185 Aug.lib.

2431 1364 348 181 cõ.ca.2.

2430 2523 359 261 Geñ.3.

2436 3153 312 185 1.tes.2.

2436 3302 200 185 et.3.
