<?xml version="1.0" encoding="UTF-8"?>
<alto xmlns:xsi="http://www.w3.org/2001/XMLSchema-instance"
      xmlns="http://www.loc.gov/standards/alto/ns-v4#"
      xsi:schemaLocation="http://www.loc.gov/standards/alto/ns-v4# http://www.loc.gov/standards/alto/v4/alto-4-2.xsd">
  <Description>
    <MeasurementUnit>pixel</MeasurementUnit>
    <sourceImageInformation>
      <fileName>La_somme_de_lescripture_saincte_...Luther_Martin_bpt6k328613m.pdf_page_121.png</fileName>
      <fileIdentifier>pdf//La_somme_de_lescripture_saincte_...Luther_Martin_bpt6k328613m.pdf</fileIdentifier>
    </sourceImageInformation>
  </Description>
  <Tags>
    <OtherTag ID="BT7" LABEL="CustomZone" DESCRIPTION="block type CustomZone"/><OtherTag ID="BT8" LABEL="DamageZone" DESCRIPTION="block type DamageZone"/><OtherTag ID="BT9" LABEL="DigitizationArtefactZone" DESCRIPTION="block type DigitizationArtefactZone"/><OtherTag ID="BT10" LABEL="DropCapitalZone" DESCRIPTION="block type DropCapitalZone"/><OtherTag ID="BT11" LABEL="GraphicZone" DESCRIPTION="block type GraphicZone"/><OtherTag ID="BT12" LABEL="MainZone" DESCRIPTION="block type MainZone"/><OtherTag ID="BT13" LABEL="MarginTextZone" DESCRIPTION="block type MarginTextZone"/><OtherTag ID="BT14" LABEL="MusicZone" DESCRIPTION="block type MusicZone"/><OtherTag ID="BT15" LABEL="NumberingZone" DESCRIPTION="block type NumberingZone"/><OtherTag ID="BT17" LABEL="QuireMarksZone" DESCRIPTION="block type QuireMarksZone"/><OtherTag ID="BT18" LABEL="RunningTitleZone" DESCRIPTION="block type RunningTitleZone"/><OtherTag ID="BT19" LABEL="SealZone" DESCRIPTION="block type SealZone"/><OtherTag ID="BT20" LABEL="StampZone" DESCRIPTION="block type StampZone"/><OtherTag ID="BT21" LABEL="TableZone" DESCRIPTION="block type TableZone"/><OtherTag ID="BT22" LABEL="TitlePageZone" DESCRIPTION="block type TitlePageZone"/><OtherTag ID="BT3120" LABEL="text" DESCRIPTION="block type text"/>
    <OtherTag ID="LT7" LABEL="CustomLine" DESCRIPTION="line type CustomLine"/><OtherTag ID="LT8" LABEL="DefaultLine" DESCRIPTION="line type DefaultLine"/><OtherTag ID="LT9" LABEL="DropCapitalLine" DESCRIPTION="line type DropCapitalLine"/><OtherTag ID="LT10" LABEL="HeadingLine" DESCRIPTION="line type HeadingLine"/><OtherTag ID="LT11" LABEL="InterlinearLine" DESCRIPTION="line type InterlinearLine"/><OtherTag ID="LT12" LABEL="MusicLine" DESCRIPTION="line type MusicLine"/><OtherTag ID="LT958" LABEL="default" DESCRIPTION="line type default"/>
  </Tags>
  <Layout>
    <Page WIDTH="4267"
          HEIGHT="6154"
          PHYSICAL_IMG_NR="120"
          ID="eSc_dummypage_">
      <PrintSpace HPOS="0"
                  VPOS="0"
                  WIDTH="4267"
                  HEIGHT="6154">
        <TextBlock HPOS="2285"
                   VPOS="553"
                   WIDTH="356"
                   HEIGHT="283"
                   ID="eSc_textblock_8445130f"
                   TAGREFS="BT15">
          <Shape><Polygon POINTS="2285 553 2285 836 2641 836 2641 553"/></Shape>
          <TextLine ID="eSc_line_b4e8d228"
                    TAGREFS="LT8"
                    BASELINE="2331 735 2577 743" 
                    HPOS="2323"
                    VPOS="543"
                    WIDTH="251"
                    HEIGHT="267">
            <Shape><Polygon POINTS="2328 733 2323 810 2569 810 2574 738 2574 558 2328 543 2328 733"/></Shape>
            <String CONTENT="117"
                    HPOS="2323"
                    VPOS="543"
                    WIDTH="251"
                    HEIGHT="267"
                    WC="0.9999856154123942"></String>
          </TextLine>
        </TextBlock>
        <TextBlock HPOS="718"
                   VPOS="607"
                   WIDTH="1025"
                   HEIGHT="187"
                   ID="eSc_textblock_5e12df56"
                   TAGREFS="BT18">
          <Shape><Polygon POINTS="718 607 718 794 1743 794 1743 607"/></Shape>
          <TextLine ID="eSc_line_227fe2e1"
                    TAGREFS="LT10"
                    BASELINE="782 741 1687 741" 
                    HPOS="779"
                    VPOS="618"
                    WIDTH="998"
                    HEIGHT="192">
            <Shape><Polygon POINTS="1736 642 1702 642 1668 642 1634 639 1600 639 1565 639 1531 635 1497 635 1463 635 1429 635 1394 632 1360 632 1326 632 1292 629 1258 629 1224 629 1189 625 1155 625 1121 625 1087 625 1053 622 1018 622 984 622 950 618 916 618 882 618 861 618 779 639 782 741 782 786 830 810 834 810 837 810 841 810 902 786 960 810 964 810 967 810 971 810 1025 782 1053 806 1053 810 1056 810 1059 810 1063 810 1278 779 1330 779 1364 806 1367 806 1371 806 1374 806 1524 779 1555 800 1559 800 1562 800 1565 800 1569 800 1630 779 1771 786 1777 735 1771 642"/></Shape>
            <String CONTENT="Chapitre .xiii."
                    HPOS="779"
                    VPOS="618"
                    WIDTH="998"
                    HEIGHT="192"
                    WC="0.992500881354014"></String>
          </TextLine>
        </TextBlock>
        <TextBlock HPOS="206"
                   VPOS="788"
                   WIDTH="2158"
                   HEIGHT="3857"
                   ID="eSc_textblock_ecd21ceb"
                   TAGREFS="BT12">
          <Shape><Polygon POINTS="206 788 242 4645 2364 4645 2364 788"/></Shape>
          <TextLine ID="eSc_line_229f1edb"
                    TAGREFS="LT8"
                    BASELINE="266 926 2340 926" 
                    HPOS="261"
                    VPOS="753"
                    WIDTH="2077"
                    HEIGHT="236">
            <Shape><Polygon POINTS="261 923 261 989 435 964 666 989 671 989 676 989 774 964 989 989 994 989 1230 964 1287 989 1292 989 1297 989 1528 964 2261 989 2266 989 2271 989 2338 958 2338 923 2338 774 2302 753 2297 753 2292 753 2287 753 2282 753 2174 789 1882 764 1877 764 1338 789 1215 753 1210 753 1205 753 1200 753 1107 789 907 764 902 764 897 764 851 789 820 764 815 764 810 764 805 764 682 789 641 758 641 753 635 753 630 753 625 753 261 758 261 923"/></Shape>
            <String CONTENT="ment dict es chapitres precedens) nul"
                    HPOS="261"
                    VPOS="753"
                    WIDTH="2077"
                    HEIGHT="236"
                    WC="0.9928452759175688"></String>
          </TextLine>
          <TextLine ID="eSc_line_d6ae30e1"
                    TAGREFS="LT8"
                    BASELINE="270 1066 2314 1080" 
                    HPOS="266"
                    VPOS="936"
                    WIDTH="2048"
                    HEIGHT="195">
            <Shape><Polygon POINTS="270 1066 266 1111 1500 1111 1583 1128 1586 1128 1685 1111 1801 1131 1805 1131 1808 1131 1846 1114 1859 1128 1859 1131 1863 1131 1866 1131 1870 1131 2075 1114 2239 1131 2242 1131 2246 1131 2311 1111 2314 1080 2311 967 2068 953 2065 953 2061 953 2000 970 1921 947 1918 947 1914 947 1805 970 1747 953 1743 953 1740 953 1736 953 1733 953 1716 967 1682 943 1678 943 1675 943 1504 943 1500 943 1391 967 1347 943 1343 943 1340 943 1336 943 1292 960 1182 940 1179 940 1176 940 1172 940 1145 964 1097 943 1094 943 1090 943 1087 943 1042 967 837 967 782 936 779 936 776 936 629 960 550 936 547 936 543 936 270 957 270 1066"/></Shape>
            <String CONTENT="ne peut comprendre ceste foy, fors ce¬"
                    HPOS="266"
                    VPOS="936"
                    WIDTH="2048"
                    HEIGHT="195"
                    WC="0.999983936548233"></String>
          </TextLine>
          <TextLine ID="eSc_line_c66c695a"
                    TAGREFS="LT8"
                    BASELINE="283 1203 2290 1217" 
                    HPOS="280"
                    VPOS="1087"
                    WIDTH="2010"
                    HEIGHT="188">
            <Shape><Polygon POINTS="283 1203 280 1237 400 1264 403 1264 499 1244 519 1261 519 1264 523 1264 526 1264 529 1264 635 1247 782 1268 786 1268 1145 1247 1285 1271 1288 1271 1596 1251 1630 1271 1634 1271 1637 1271 1641 1271 1924 1254 2010 1275 2013 1275 2017 1275 2020 1275 2061 1254 2082 1275 2085 1275 2089 1275 2092 1275 2095 1275 2147 1258 2246 1275 2249 1275 2253 1275 2256 1275 2287 1251 2290 1217 2280 1094 2239 1111 2205 1094 2201 1094 1955 1094 1952 1094 1948 1094 1945 1094 1945 1097 1928 1114 1791 1114 1695 1090 1692 1090 1559 1107 1542 1094 1542 1090 1538 1090 1535 1090 1381 1090 1377 1090 1374 1090 1326 1107 1278 1087 1275 1087 1271 1087 283 1097 283 1203"/></Shape>
            <String CONTENT="luy qui considere quelle estoit la foy"
                    HPOS="280"
                    VPOS="1087"
                    WIDTH="2010"
                    HEIGHT="188"
                    WC="0.9999903769869554"></String>
          </TextLine>
          <TextLine ID="eSc_line_00053032"
                    TAGREFS="LT8"
                    BASELINE="287 1353 2297 1364" 
                    HPOS="283"
                    VPOS="1230"
                    WIDTH="2014"
                    HEIGHT="202">
            <Shape><Polygon POINTS="287 1353 283 1391 386 1418 389 1418 601 1398 642 1425 646 1425 649 1425 653 1425 796 1405 892 1422 895 1422 899 1422 943 1398 1035 1429 1039 1429 1042 1429 1162 1425 1165 1425 1206 1401 1234 1425 1234 1429 1237 1429 1241 1429 1244 1432 1371 1432 1371 1429 1374 1429 1377 1429 1412 1401 1480 1429 1483 1429 1487 1429 1620 1401 1877 1432 1880 1432 2160 1415 2201 1429 2205 1429 2208 1429 2212 1429 2294 1401 2297 1364 2294 1261 2085 1261 2030 1237 2027 1237 2024 1237 1918 1258 1842 1237 1839 1237 1836 1237 1641 1258 1586 1234 1583 1234 1364 1234 1360 1234 1357 1234 1292 1254 1230 1237 1227 1237 1224 1237 1070 1254 1018 1234 1015 1234 1012 1234 912 1251 676 1230 673 1230 670 1230 622 1254 543 1254 523 1234 523 1230 519 1230 516 1230 512 1230 509 1230 427 1251 287 1247 287 1353"/></Shape>
            <String CONTENT="dAbraham. Car par sa foy il a este dit"
                    HPOS="283"
                    VPOS="1230"
                    WIDTH="2014"
                    HEIGHT="202"
                    WC="0.9977626329974124"></String>
          </TextLine>
          <TextLine ID="eSc_line_bb9af347"
                    TAGREFS="LT8"
                    BASELINE="276 1500 2273 1511" 
                    HPOS="273"
                    VPOS="1381"
                    WIDTH="2000"
                    HEIGHT="191">
            <Shape><Polygon POINTS="276 1500 273 1538 331 1562 335 1562 338 1562 341 1562 345 1562 376 1541 441 1559 444 1559 447 1559 451 1559 509 1541 529 1562 533 1562 536 1562 540 1562 543 1562 547 1562 581 1541 629 1562 632 1562 635 1562 988 1545 1039 1565 1042 1565 1046 1569 1176 1569 1176 1565 1179 1565 1182 1565 1182 1562 1203 1545 1456 1565 1459 1565 1463 1565 1518 1545 1538 1565 1542 1565 1545 1565 1548 1565 1665 1548 1716 1569 1719 1569 1723 1572 1911 1572 1911 1569 1914 1569 1918 1569 1918 1565 1938 1548 2205 1569 2208 1569 2212 1569 2270 1545 2273 1511 2270 1405 1836 1412 1798 1388 1795 1388 1791 1388 1788 1388 1610 1401 1565 1384 1562 1384 1559 1384 1247 1405 940 1381 936 1381 847 1398 800 1381 796 1381 793 1381 676 1405 642 1381 639 1381 635 1381 475 1381 471 1381 468 1381 464 1381 464 1384 447 1401 276 1401 276 1500"/></Shape>
            <String CONTENT="nostre pere, et que nous sommes ap¬"
                    HPOS="273"
                    VPOS="1381"
                    WIDTH="2000"
                    HEIGHT="191"
                    WC="0.9915727410997663"></String>
          </TextLine>
          <TextLine ID="eSc_line_ade5f03a"
                    TAGREFS="LT8"
                    BASELINE="283 1651 2297 1668" 
                    HPOS="280"
                    VPOS="1517"
                    WIDTH="2017"
                    HEIGHT="202">
            <Shape><Polygon POINTS="283 1651 280 1699 502 1685 533 1706 536 1706 540 1706 543 1706 765 1688 977 1709 981 1709 984 1709 988 1709 988 1706 1008 1688 1083 1688 1237 1712 1241 1712 1367 1692 1500 1716 1504 1716 1507 1716 1589 1695 1671 1716 1675 1716 1678 1716 1805 1695 1890 1719 1894 1719 1897 1719 2000 1699 2061 1719 2065 1719 2068 1719 2294 1716 2297 1668 2294 1531 2164 1559 1983 1559 1955 1535 1955 1531 1952 1531 1948 1531 1945 1531 1942 1531 1877 1552 1753 1535 1750 1535 1747 1535 1678 1552 1644 1531 1641 1531 1637 1531 1634 1531 1630 1531 1559 1552 1494 1524 1490 1524 1487 1524 1483 1524 1480 1524 1449 1545 1237 1524 1234 1524 1230 1524 1227 1524 1227 1528 1200 1548 1022 1548 971 1521 967 1521 964 1521 858 1545 550 1538 523 1517 519 1517 516 1517 512 1517 283 1531 283 1651"/></Shape>
            <String CONTENT="pellez ses enfans en la saincte escriptu"
                    HPOS="280"
                    VPOS="1517"
                    WIDTH="2017"
                    HEIGHT="202"
                    WC="0.9921010509133339"></String>
          </TextLine>
          <TextLine ID="eSc_line_2b7b97ca"
                    TAGREFS="LT8"
                    BASELINE="280 1791 1935 1820 2286 1811" 
                    HPOS="271"
                    VPOS="1656"
                    WIDTH="2011"
                    HEIGHT="215">
            <Shape><Polygon POINTS="276 1789 271 1820 471 1851 476 1851 1148 1835 1235 1861 1241 1861 1246 1861 1518 1841 1574 1866 1579 1866 1584 1866 1830 1846 1923 1871 1928 1871 1933 1871 2277 1846 2282 1810 2271 1702 1964 1676 1959 1676 1953 1676 1948 1676 1918 1702 1764 1671 1759 1671 1564 1697 1446 1666 1441 1666 1436 1666 1066 1687 1025 1661 1020 1661 1015 1661 1010 1661 861 1687 779 1656 774 1656 769 1656 276 1676 276 1789"/></Shape>
            <String CONTENT="re/ cestadire/ que noꝰ sommes enfans"
                    HPOS="271"
                    VPOS="1656"
                    WIDTH="2011"
                    HEIGHT="215"
                    WC="0.9927017937103907"></String>
          </TextLine>
          <TextLine ID="eSc_line_f565d3ca"
                    TAGREFS="LT8"
                    BASELINE="276 1935 2287 1959" 
                    HPOS="273"
                    VPOS="1805"
                    WIDTH="2014"
                    HEIGHT="212">
            <Shape><Polygon POINTS="273 1965 355 1989 359 1989 362 1989 506 1972 536 1996 540 1996 543 1996 547 1996 550 1996 601 1976 632 2000 635 2000 639 2000 642 2000 847 1976 892 2000 895 2000 899 2000 902 2000 981 1979 1005 2000 1005 2003 1008 2003 1012 2003 1015 2003 1018 2003 1073 1982 1118 2003 1121 2003 1124 2003 1128 2003 1179 1982 1213 2000 1217 2000 1220 2000 1353 1982 1425 2006 1429 2006 1432 2006 1641 1993 1747 2013 1750 2013 1996 1989 2037 2017 2041 2017 2044 2017 2048 2017 2283 2013 2287 1959 2280 1839 2177 1856 2133 1829 2130 1829 2126 1829 2123 1829 2000 1856 1678 1822 1675 1822 1671 1822 1668 1822 1624 1853 1477 1853 1367 1818 1364 1818 1186 1818 1182 1818 1179 1818 1176 1818 1148 1839 1121 1825 1118 1825 1114 1825 1111 1825 1107 1825 1107 1829 1090 1846 953 1846 834 1812 830 1812 827 1812 823 1812 820 1812 820 1815 793 1842 653 1842 612 1812 608 1812 605 1812 601 1812 598 1812 540 1835 468 1808 464 1808 461 1808 331 1832 280 1805 276 1935 273 1965"/></Shape>
            <String CONTENT="de la foy. Car par le moyen de nostre"
                    HPOS="273"
                    VPOS="1805"
                    WIDTH="2014"
                    HEIGHT="212"
                    WC="0.9897182503262082"></String>
          </TextLine>
          <TextLine ID="eSc_line_af01c93d"
                    TAGREFS="LT8"
                    BASELINE="270 2078 2294 2102" 
                    HPOS="266"
                    VPOS="1962"
                    WIDTH="2028"
                    HEIGHT="198">
            <Shape><Polygon POINTS="270 2078 266 2133 400 2140 403 2140 406 2140 410 2140 441 2116 482 2140 485 2140 488 2140 612 2119 687 2140 690 2140 694 2140 841 2123 871 2143 875 2143 878 2143 882 2143 885 2143 940 2123 1094 2123 1169 2150 1172 2150 1176 2150 1179 2150 1278 2126 1425 2153 1429 2157 1569 2157 1569 2153 1572 2153 1576 2153 1596 2136 1699 2153 1702 2153 1706 2153 1709 2153 1736 2133 1873 2150 1877 2150 1965 2133 1996 2157 2000 2157 2003 2157 2006 2157 2010 2157 2048 2140 2089 2160 2092 2160 2095 2160 2290 2133 2294 2102 2294 2003 2239 1986 2236 1986 2232 1986 1890 1996 1873 1982 1873 1979 1870 1979 1866 1979 1863 1979 1716 1996 1651 1976 1647 1976 1644 1976 1545 1993 1425 1972 1422 1972 1418 1972 1415 1972 1388 1989 1258 1972 1254 1972 1251 1972 1247 1972 1224 1989 803 1965 800 1965 796 1965 728 1982 540 1962 536 1962 270 1972 270 2078"/></Shape>
            <String CONTENT="foy sommes nous iustifiez/ comme"
                    HPOS="266"
                    VPOS="1962"
                    WIDTH="2028"
                    HEIGHT="198"
                    WC="0.9999024458229542"></String>
          </TextLine>
          <TextLine ID="eSc_line_34697680"
                    TAGREFS="LT8"
                    BASELINE="256 2229 2297 2256" 
                    HPOS="253"
                    VPOS="2106"
                    WIDTH="2044"
                    HEIGHT="205">
            <Shape><Polygon POINTS="256 2229 253 2283 502 2270 519 2290 523 2290 523 2294 526 2294 529 2294 533 2294 707 2276 796 2297 800 2297 803 2297 806 2297 871 2276 933 2297 936 2297 940 2297 943 2297 947 2297 974 2280 1159 2280 1189 2300 1193 2300 1196 2300 1200 2300 1292 2287 1312 2304 1316 2304 1319 2304 1323 2304 1326 2304 1394 2283 1456 2304 1459 2304 1463 2304 1559 2287 1678 2287 1699 2304 1699 2307 1702 2307 1706 2307 1709 2307 1712 2307 1771 2290 1784 2307 1788 2307 1788 2311 1791 2311 1795 2311 1798 2311 2294 2304 2297 2256 2290 2126 2041 2153 1781 2119 1716 2119 1712 2119 1709 2119 1706 2119 1671 2147 1271 2112 1268 2112 1049 2133 967 2109 964 2109 960 2109 957 2109 953 2109 909 2136 711 2136 670 2106 666 2106 663 2106 659 2106 516 2126 345 2106 341 2106 256 2119 256 2229"/></Shape>
            <String CONTENT="Abraham a este iustifie par sa foy ⁊ est"
                    HPOS="253"
                    VPOS="2106"
                    WIDTH="2044"
                    HEIGHT="205"
                    WC="0.9903812482953072"></String>
          </TextLine>
          <TextLine ID="eSc_line_130737b4"
                    TAGREFS="LT8"
                    BASELINE="256 2376 2290 2393" 
                    HPOS="253"
                    VPOS="2266"
                    WIDTH="2037"
                    HEIGHT="185">
            <Shape><Polygon POINTS="256 2376 253 2406 321 2434 324 2434 328 2434 441 2417 468 2437 471 2437 475 2437 478 2437 598 2413 659 2441 663 2441 666 2441 670 2441 752 2417 1641 2447 1644 2447 1750 2423 1883 2451 1887 2451 1890 2451 1931 2434 2133 2451 2136 2451 2287 2423 2290 2393 2287 2283 256 2266 256 2376"/></Shape>
            <String CONTENT="ainsy/ que tous ceux qui auront une"
                    HPOS="253"
                    VPOS="2266"
                    WIDTH="2037"
                    HEIGHT="185"
                    WC="0.9982125980513437"></String>
          </TextLine>
          <TextLine ID="eSc_line_b799b988"
                    TAGREFS="LT8"
                    BASELINE="263 2516 2307 2540" 
                    HPOS="259"
                    VPOS="2400"
                    WIDTH="2048"
                    HEIGHT="194">
            <Shape><Polygon POINTS="263 2516 259 2547 553 2574 557 2574 844 2557 899 2574 902 2574 906 2574 909 2574 957 2560 1039 2577 1042 2577 1046 2577 1049 2577 1073 2560 1288 2581 1292 2581 1388 2564 1531 2584 1535 2584 1719 2567 1781 2588 1784 2588 1788 2588 1791 2588 1795 2588 1812 2574 1825 2584 1825 2588 1829 2588 1832 2588 1836 2588 2078 2574 2095 2588 2095 2591 2099 2591 2102 2591 2106 2594 2256 2594 2256 2591 2260 2591 2304 2571 2307 2540 2307 2441 2253 2420 2249 2420 2246 2420 2024 2437 1952 2417 1948 2417 1945 2417 1812 2434 1730 2413 1726 2413 1723 2413 1436 2430 1384 2413 1381 2413 1377 2413 1220 2427 1118 2406 1114 2406 943 2423 906 2406 902 2406 899 2406 673 2420 557 2400 553 2400 550 2400 509 2417 263 2403 263 2516"/></Shape>
            <String CONTENT="telle foy peuuent pareillemẽt estre iu¬"
                    HPOS="259"
                    VPOS="2400"
                    WIDTH="2048"
                    HEIGHT="194"
                    WC="0.9926032856106758"></String>
          </TextLine>
          <TextLine ID="eSc_line_74cda21d"
                    TAGREFS="LT8"
                    BASELINE="276 2666 2297 2680" 
                    HPOS="273"
                    VPOS="2540"
                    WIDTH="2024"
                    HEIGHT="195">
            <Shape><Polygon POINTS="276 2666 273 2718 389 2707 482 2724 485 2724 488 2724 492 2724 523 2704 553 2724 557 2724 560 2724 564 2724 567 2724 570 2724 598 2704 690 2704 741 2724 745 2724 748 2724 752 2724 755 2724 779 2704 906 2728 909 2728 912 2728 916 2728 950 2707 1077 2707 1148 2728 1152 2728 1155 2728 1429 2711 1576 2731 1579 2731 1583 2731 1630 2711 1647 2728 1647 2731 1651 2731 1654 2731 1658 2735 1750 2735 1750 2731 1753 2731 1757 2731 1788 2711 1894 2735 1897 2735 1901 2735 1962 2714 2020 2735 2024 2735 2027 2735 2215 2714 2287 2731 2297 2680 2290 2564 2147 2577 2082 2550 2078 2550 2075 2550 2071 2550 2068 2550 2068 2553 2041 2581 1863 2581 1747 2547 1743 2547 1740 2547 1736 2547 1733 2547 1699 2577 1647 2577 1514 2547 1511 2547 1507 2547 1436 2574 1415 2557 1415 2553 1412 2553 1408 2553 1405 2553 1271 2567 1227 2543 1224 2543 1220 2543 1217 2543 1148 2567 1073 2553 1070 2553 977 2571 933 2547 929 2547 926 2547 817 2557 782 2540 779 2540 776 2540 772 2540 697 2571 540 2571 492 2540 488 2540 485 2540 482 2540 276 2553 276 2666"/></Shape>
            <String CONTENT="stifiez. Pour ceste cause quiconques"
                    HPOS="273"
                    VPOS="2540"
                    WIDTH="2024"
                    HEIGHT="195"
                    WC="0.9984672566254934"></String>
          </TextLine>
          <TextLine ID="eSc_line_759395a5"
                    TAGREFS="LT8"
                    BASELINE="270 2803 2307 2827" 
                    HPOS="266"
                    VPOS="2680"
                    WIDTH="2041"
                    HEIGHT="208">
            <Shape><Polygon POINTS="270 2803 266 2851 471 2868 475 2868 478 2868 533 2847 656 2871 659 2871 663 2871 666 2871 704 2851 847 2851 912 2875 916 2875 919 2875 1008 2858 1097 2875 1100 2875 1104 2875 1107 2875 1135 2858 1155 2875 1155 2878 1159 2878 1162 2878 1165 2878 1278 2858 1306 2878 1309 2878 1312 2878 1316 2878 1712 2868 1733 2885 1736 2885 1740 2885 1743 2885 1853 2865 1877 2885 1880 2885 1883 2885 2058 2888 2061 2888 2065 2888 2119 2868 2304 2868 2307 2827 2304 2707 2020 2721 1832 2700 1829 2700 1730 2718 1610 2694 1606 2694 1456 2714 1439 2694 1436 2694 1436 2690 1432 2690 1429 2690 1425 2690 1227 2707 1200 2690 1196 2690 1193 2690 1189 2690 1186 2690 1141 2711 1066 2687 1063 2687 1059 2687 912 2700 854 2683 851 2683 847 2683 738 2704 680 2683 676 2683 673 2683 423 2700 403 2683 403 2680 400 2680 396 2680 393 2680 270 2697 270 2803"/></Shape>
            <String CONTENT="na point la foy Dabraham/ rien ne"
                    HPOS="266"
                    VPOS="2680"
                    WIDTH="2041"
                    HEIGHT="208"
                    WC="0.9901585253802213"></String>
          </TextLine>
          <TextLine ID="eSc_line_21c9951d"
                    TAGREFS="LT8"
                    BASELINE="266 2950 2307 2974" 
                    HPOS="263"
                    VPOS="2830"
                    WIDTH="2044"
                    HEIGHT="178">
            <Shape><Polygon POINTS="266 2950 263 2984 2301 3008 2307 2974 2297 2851 2246 2875 2017 2875 1938 2851 1935 2851 1931 2851 1928 2851 1880 2868 1801 2851 1798 2851 1795 2851 1791 2851 1767 2868 1518 2847 1514 2847 1511 2847 1453 2861 1394 2841 1391 2841 1388 2841 1384 2841 1381 2841 1350 2865 1282 2865 1261 2844 1261 2841 1258 2841 1254 2841 1251 2841 960 2858 847 2834 844 2834 649 2854 605 2834 601 2834 598 2834 464 2847 300 2830 297 2830 294 2830 290 2830 266 2844 266 2950"/></Shape>
            <String CONTENT="luy peut aduenir de tout ce/ pourtant"
                    HPOS="263"
                    VPOS="2830"
                    WIDTH="2044"
                    HEIGHT="178"
                    WC="0.9853685562675064"></String>
          </TextLine>
          <TextLine ID="eSc_line_7a191c7c"
                    TAGREFS="LT8"
                    BASELINE="283 3100 2311 3114" 
                    HPOS="280"
                    VPOS="2971"
                    WIDTH="2031"
                    HEIGHT="201">
            <Shape><Polygon POINTS="283 3100 280 3152 786 3138 865 3138 892 3162 892 3165 895 3165 899 3165 902 3165 906 3165 974 3141 1025 3165 1029 3165 1032 3169 1189 3169 1189 3165 1193 3165 1292 3141 1401 3169 1405 3169 1408 3169 1524 3152 1647 3169 1651 3169 1654 3169 1699 3148 1740 3169 1743 3169 1942 3172 1945 3172 2061 3148 2239 3169 2242 3169 2246 3169 2307 3145 2311 3114 2311 3012 2133 3012 2075 2984 2071 2984 2068 2984 2065 2984 2027 3005 1993 2984 1989 2984 1986 2984 1983 2984 1647 3001 1620 2981 1617 2981 1613 2981 1610 2981 1606 2981 1542 3005 1265 2974 1261 2974 1258 2974 1155 3005 1066 3005 1005 2974 1001 2974 998 2974 909 2991 892 2977 892 2974 888 2974 885 2974 735 2971 731 2971 728 2971 659 2991 622 2977 618 2977 615 2977 612 2977 608 2977 584 3001 529 3001 499 2974 495 2974 492 2974 488 2974 283 2994 283 3100"/></Shape>
            <String CONTENT="quil na telle foy quAbrahã. Cestadire"
                    HPOS="280"
                    VPOS="2971"
                    WIDTH="2031"
                    HEIGHT="201"
                    ></String>
          </TextLine>
          <TextLine ID="eSc_line_69b14017"
                    TAGREFS="LT8"
                    BASELINE="280 3244 2301 3265" 
                    HPOS="276"
                    VPOS="3118"
                    WIDTH="2025"
                    HEIGHT="205">
            <Shape><Polygon POINTS="280 3244 276 3299 605 3282 714 3299 718 3299 916 3285 991 3306 994 3306 998 3306 1001 3306 1039 3288 1059 3309 1059 3312 1063 3312 1066 3312 1347 3316 1350 3316 1353 3316 1412 3292 1542 3292 1647 3292 1689 3319 1692 3319 1695 3319 2201 3323 2205 3323 2208 3323 2297 3295 2301 3265 2297 3165 1965 3165 1901 3135 1897 3135 1894 3135 1890 3135 1836 3159 1682 3138 1678 3138 1675 3138 1634 3159 1617 3141 1613 3141 1610 3141 1606 3141 1603 3141 1572 3155 1545 3131 1545 3128 1542 3128 1538 3128 1535 3128 1436 3148 1254 3124 1251 3124 957 3152 830 3121 827 3121 615 3118 612 3118 280 3141 280 3244"/></Shape>
            <String CONTENT="quand Dieu nest point ton esperan¬"
                    HPOS="276"
                    VPOS="3118"
                    WIDTH="2025"
                    HEIGHT="205"
                    WC="0.9875814336187699"></String>
          </TextLine>
          <TextLine ID="eSc_line_79ae453c"
                    TAGREFS="LT8"
                    BASELINE="287 3384 2307 3412" 
                    HPOS="283"
                    VPOS="3271"
                    WIDTH="2024"
                    HEIGHT="182">
            <Shape><Polygon POINTS="287 3384 283 3418 341 3439 345 3439 348 3439 352 3439 417 3422 823 3446 827 3446 947 3429 1046 3449 1049 3449 1247 3432 1292 3453 1295 3453 1299 3453 2304 3442 2307 3412 2304 3288 1808 3309 1548 3278 1545 3278 1302 3299 1189 3278 1186 3278 1182 3278 1100 3299 1049 3271 1046 3271 847 3271 844 3271 841 3271 837 3271 837 3275 813 3295 673 3271 670 3271 574 3288 287 3285 287 3384"/></Shape>
            <String CONTENT="ce/ et ton confort/ quand tu ne te at¬"
                    HPOS="283"
                    VPOS="3271"
                    WIDTH="2024"
                    HEIGHT="182"
                    WC="0.9820405385996166"></String>
          </TextLine>
          <TextLine ID="eSc_line_8b1dce8a"
                    TAGREFS="LT8"
                    BASELINE="300 3524 2287 3562" 
                    HPOS="297"
                    VPOS="3412"
                    WIDTH="1990"
                    HEIGHT="205">
            <Shape><Polygon POINTS="300 3524 297 3559 348 3579 352 3579 355 3579 441 3562 471 3582 475 3582 478 3582 482 3582 793 3576 837 3593 841 3593 844 3593 847 3593 888 3572 1203 3600 1206 3600 1319 3579 1371 3579 1388 3600 1391 3600 1391 3603 1394 3603 1398 3603 1401 3603 1405 3603 1490 3582 1836 3610 1839 3610 2034 3593 2054 3610 2054 3613 2058 3613 2061 3613 2065 3613 2068 3613 2071 3613 2095 3596 2150 3617 2154 3617 2157 3617 2283 3593 2287 3562 2287 3459 2116 3459 2071 3435 2068 3435 2065 3435 1976 3453 1928 3432 1924 3432 1921 3432 1747 3449 1562 3425 1559 3425 1388 3442 1193 3418 1189 3418 1186 3418 1182 3418 1162 3439 1025 3439 967 3415 964 3415 960 3415 851 3432 817 3412 813 3412 810 3412 806 3412 803 3412 752 3429 300 3415 300 3524"/></Shape>
            <String CONTENT="tendz point dune ferme fiance a dieu/"
                    HPOS="297"
                    VPOS="3412"
                    WIDTH="1990"
                    HEIGHT="205"
                    WC="0.9983798619863149"></String>
          </TextLine>
          <TextLine ID="eSc_line_ba38d253"
                    TAGREFS="LT8"
                    BASELINE="300 3678 2301 3712" 
                    HPOS="297"
                    VPOS="3555"
                    WIDTH="2004"
                    HEIGHT="216">
            <Shape><Polygon POINTS="300 3678 297 3716 335 3740 338 3740 341 3740 345 3740 475 3716 632 3716 656 3740 659 3740 663 3740 666 3740 670 3740 673 3740 700 3719 888 3719 1100 3753 1104 3753 1213 3736 1295 3757 1299 3757 1302 3757 1306 3757 1364 3740 1500 3760 1504 3760 1606 3740 1726 3764 1730 3764 1839 3743 1921 3743 1945 3764 1945 3767 1948 3767 1952 3767 1955 3767 2099 3743 2171 3743 2198 3767 2198 3771 2201 3771 2205 3771 2208 3771 2297 3753 2301 3712 2297 3582 2133 3600 2051 3579 2048 3579 2044 3579 1706 3593 1641 3572 1637 3572 1634 3572 1535 3589 1360 3569 1357 3569 1353 3569 1350 3569 1323 3586 1271 3565 1268 3565 1265 3565 1261 3565 1227 3582 704 3555 700 3555 697 3555 694 3555 694 3559 676 3572 618 3555 615 3555 612 3555 608 3555 605 3555 584 3572 495 3555 492 3555 300 3565 300 3678"/></Shape>
            <String CONTENT="quand tu nes point prest de souffrir ⁊"
                    HPOS="297"
                    VPOS="3555"
                    WIDTH="2004"
                    HEIGHT="216"
                    WC="0.9946691440908533"></String>
          </TextLine>
          <TextLine ID="eSc_line_a442759b"
                    TAGREFS="LT8"
                    BASELINE="294 3822 2324 3859" 
                    HPOS="290"
                    VPOS="3699"
                    WIDTH="2034"
                    HEIGHT="212">
            <Shape><Polygon POINTS="294 3822 290 3846 629 3877 632 3877 841 3859 895 3887 899 3887 902 3887 1080 3866 1104 3887 1107 3887 1111 3887 1217 3894 1432 3897 1436 3897 1439 3897 1442 3897 1470 3873 1535 3894 1538 3894 1542 3894 1545 3894 1586 3873 1877 3904 1880 3904 2068 3883 2126 3883 2150 3907 2150 3911 2154 3911 2157 3911 2160 3911 2164 3911 2222 3894 2318 3911 2324 3859 2324 3750 2071 3730 2068 3730 1959 3753 1832 3726 1829 3726 1825 3726 1750 3747 1730 3726 1726 3726 1723 3726 1589 3719 1586 3719 1473 3743 1377 3716 1374 3716 1371 3716 1367 3716 1299 3740 1224 3712 1220 3712 1217 3712 1213 3712 1210 3712 1172 3740 1070 3740 967 3709 964 3709 960 3709 957 3709 888 3733 823 3706 820 3706 817 3706 813 3706 741 3730 694 3706 690 3706 482 3699 478 3699 294 3719 294 3822"/></Shape>
            <String CONTENT="endurer toutes choses/ mesmement"
                    HPOS="290"
                    VPOS="3699"
                    WIDTH="2034"
                    HEIGHT="212"
                    WC="0.9970752149820328"></String>
          </TextLine>
          <TextLine ID="eSc_line_7ce247d8"
                    TAGREFS="LT8"
                    BASELINE="294 3965 2304 4003" 
                    HPOS="290"
                    VPOS="3846"
                    WIDTH="2014"
                    HEIGHT="195">
            <Shape><Polygon POINTS="294 3965 290 4000 475 4024 478 4024 1330 4024 1384 4041 1388 4041 1391 4041 2301 4037 2304 4003 2304 3907 2037 3900 1924 3873 1921 3873 1918 3873 1822 3897 1548 3894 1504 3870 1500 3870 1497 3870 1275 3887 1247 3870 1244 3870 1241 3870 1237 3870 1234 3870 1230 3870 1206 3887 1148 3859 1145 3859 1141 3859 1022 3883 844 3883 656 3849 475 3849 471 3849 468 3849 413 3870 393 3849 393 3846 389 3846 386 3846 294 3846 294 3965"/></Shape>
            <String CONTENT="aussi la mort pour lamour et lhõneur"
                    HPOS="290"
                    VPOS="3846"
                    WIDTH="2014"
                    HEIGHT="195"
                    WC="0.9995132974676184"></String>
          </TextLine>
          <TextLine ID="eSc_line_32321732"
                    TAGREFS="LT8"
                    BASELINE="294 4112 2307 4153" 
                    HPOS="290"
                    VPOS="3993"
                    WIDTH="2017"
                    HEIGHT="219">
            <Shape><Polygon POINTS="290 4150 413 4150 454 4177 458 4177 461 4177 464 4181 529 4181 529 4177 533 4177 536 4177 567 4153 707 4177 711 4177 714 4177 772 4157 796 4177 800 4177 803 4177 806 4177 810 4177 858 4164 1114 4188 1118 4188 1121 4188 1169 4171 1299 4194 1302 4194 1969 4181 2140 4212 2143 4212 2147 4212 2150 4212 2177 4188 2304 4184 2307 4153 2304 4037 2058 4034 2054 4034 2051 4034 1996 4051 1730 4024 1726 4024 1723 4024 1668 4044 1658 4030 1654 4030 1654 4027 1651 4027 1647 4027 1644 4027 1422 4037 1391 4017 1388 4017 1384 4017 1381 4017 1152 4034 1138 4013 1135 4013 1135 4010 1131 4010 1128 4010 1124 4010 964 4030 885 4030 871 4010 868 4010 868 4006 865 4006 861 4006 858 4006 854 4006 793 4024 779 4006 776 4006 776 4003 772 4003 769 4003 765 4003 762 4003 683 4024 632 4006 629 4006 625 4006 485 4020 447 3996 444 3996 441 3996 437 3996 372 4010 297 3993 294 4112 290 4150"/></Shape>
            <String CONTENT="de Dieu/ et aussi de tout perdre ce que"
                    HPOS="290"
                    VPOS="3993"
                    WIDTH="2017"
                    HEIGHT="219"
                    WC="0.9993787988638266"></String>
          </TextLine>
          <TextLine ID="eSc_line_a1314afa"
                    TAGREFS="LT8"
                    BASELINE="297 4263 1275 4290 2307 4294" 
                    HPOS="294"
                    VPOS="4143"
                    WIDTH="2013"
                    HEIGHT="198">
            <Shape><Polygon POINTS="297 4263 294 4304 1165 4338 1169 4341 2304 4341 2307 4294 2301 4171 2256 4194 2188 4171 2184 4171 2181 4171 2177 4171 2092 4198 1989 4167 1986 4167 1983 4167 1654 4174 1651 4174 1647 4174 1617 4191 1193 4188 1155 4157 1152 4157 1148 4157 1145 4157 929 4174 902 4153 902 4150 899 4150 895 4150 892 4150 789 4164 687 4147 683 4147 536 4174 471 4150 468 4150 297 4143 297 4263"/></Shape>
            <String CONTENT="tu as au monde/ tu nes point filz dA¬"
                    HPOS="294"
                    VPOS="4143"
                    WIDTH="2013"
                    HEIGHT="198"
                    WC="0.9817172256675927"></String>
          </TextLine>
          <TextLine ID="eSc_line_c3b18f52"
                    TAGREFS="LT8"
                    BASELINE="300 4406 1097 4437 2314 4444" 
                    HPOS="297"
                    VPOS="4290"
                    WIDTH="2017"
                    HEIGHT="212">
            <Shape><Polygon POINTS="300 4406 297 4444 417 4447 458 4475 461 4475 464 4475 584 4478 588 4478 591 4478 594 4478 625 4458 656 4478 659 4478 663 4478 666 4478 670 4478 718 4454 786 4482 789 4482 793 4482 796 4482 854 4458 912 4478 916 4478 919 4478 923 4478 991 4458 1070 4482 1073 4482 1077 4482 1227 4471 1364 4489 1367 4489 1371 4489 1408 4471 1429 4492 1432 4492 1436 4492 1439 4492 1442 4492 1473 4478 1750 4495 1753 4495 1757 4495 1818 4478 1976 4499 1979 4499 1983 4499 1986 4499 2010 4478 2089 4502 2092 4502 2095 4502 2099 4502 2157 4478 2311 4478 2314 4444 2311 4348 2095 4318 2092 4318 2089 4318 2003 4341 1829 4324 1825 4324 1736 4338 1709 4318 1709 4314 1706 4314 1702 4314 1699 4314 1695 4314 1617 4338 1531 4338 1507 4314 1504 4314 1500 4314 1497 4314 1217 4331 1162 4304 1159 4304 1155 4304 998 4328 940 4300 936 4300 933 4300 659 4321 300 4290 300 4406"/></Shape>
            <String CONTENT="braham. Car Abraham estoit prest a"
                    HPOS="297"
                    VPOS="4290"
                    WIDTH="2017"
                    HEIGHT="212"
                    WC="0.9907935489626492"></String>
          </TextLine>
          <TextLine ID="eSc_line_6a3d62eb"
                    TAGREFS="LT8"
                    BASELINE="300 4560 1200 4588 2314 4588" 
                    HPOS="297"
                    VPOS="4437"
                    WIDTH="2017"
                    HEIGHT="229">
            <Shape><Polygon POINTS="300 4560 297 4615 482 4615 536 4639 540 4639 543 4639 547 4639 594 4615 642 4653 646 4653 649 4653 653 4653 656 4653 786 4618 817 4642 817 4646 820 4646 823 4646 827 4646 830 4646 888 4625 974 4656 977 4656 1459 4663 1463 4663 1466 4663 1576 4629 1743 4666 1747 4666 1750 4666 1753 4666 1788 4642 1829 4666 1832 4666 1836 4666 1907 4659 1911 4659 1914 4659 1952 4632 2191 4632 2246 4663 2249 4663 2253 4663 2256 4663 2311 4632 2314 4588 2314 4482 2260 4461 2256 4461 2253 4461 2071 4478 2017 4458 2013 4458 2010 4458 1904 4475 1788 4458 1784 4458 1781 4458 1743 4475 888 4444 885 4444 605 4461 570 4441 567 4441 564 4441 560 4441 461 4458 300 4437 300 4560"/></Shape>
            <String CONTENT="toutes choses, lesquelles il playsoit a"
                    HPOS="297"
                    VPOS="4437"
                    WIDTH="2017"
                    HEIGHT="229"
                    WC="0.9962675281060047"></String>
          </TextLine>
        </TextBlock>
        <TextBlock HPOS="1435"
                   VPOS="4621"
                   WIDTH="892"
                   HEIGHT="187"
                   ID="eSc_textblock_10ded416"
                   TAGREFS="BT17">
          <Shape><Polygon POINTS="1435 4621 1435 4808 2327 4808 2327 4621"/></Shape>
          <TextLine ID="eSc_line_b028d810"
                    TAGREFS="LT8"
                    BASELINE="1483 4752 2290 4735" 
                    HPOS="1477"
                    VPOS="4605"
                    WIDTH="813"
                    HEIGHT="219">
            <Shape><Polygon POINTS="1483 4752 1483 4793 1542 4820 1545 4820 1548 4824 1600 4824 1600 4820 1603 4820 1606 4820 1647 4789 1706 4789 1750 4817 1753 4817 1757 4817 1760 4817 1880 4813 1883 4813 1887 4813 1887 4810 1914 4783 1972 4783 2061 4806 2065 4806 2068 4806 2290 4803 2290 4735 2280 4629 2184 4639 2150 4612 2150 4608 2147 4608 2143 4608 2140 4608 2054 4622 1969 4605 1965 4605 1962 4605 1959 4605 1959 4608 1918 4646 1801 4625 1798 4625 1661 4649 1596 4615 1593 4615 1589 4615 1477 4629 1483 4752"/></Shape>
            <String CONTENT="H 3 Dieu"
                    HPOS="1477"
                    VPOS="4605"
                    WIDTH="813"
                    HEIGHT="219"
                    WC="0.9999326094985008"></String>
          </TextLine>
        </TextBlock>
      </PrintSpace>
    </Page>
  </Layout>
</alto>
