4267 7282
2728 728 288 246 185

1145 744 1203 226 Chapitrexxiii:

453 922 2409 251 si uoisent courir uollages ꝑ le pays/

445 1120 2405 219 cõme font plusieurs. Et il les feront

457 1294 2369 223 apprendre un mestier/ auq̃l ilz auront

437 1468 2388 227 plus le couraige ⁊ lentendemẽt idoi¬

437 1646 2368 231 ne/ lequel soit loyal ⁊ sans fraude ⁊ ꝑ

429 1820 2388 227 lequel il puissent honnestement gai¬

433 1990 2360 235 gner leurs despẽs au temps aduenir.

416 2168 2397 222 Et cela faut de bonne heure/ deuant

396 2334 2413 238 quilz soyent adonne aux escoles. Car

384 2516 2405 234 nous uoyons cõmunemẽt que uieux

384 2682 2417 234 clerz ne se ueulent mettre a nul me¬

376 2864 2405 214 stier/ mais deuiennent gensdarmes/

376 3022 2421 234 ou bateurs de pauez. Et combien que

372 3204 2425 226 tu soyes riche/ tu feras toutesfois ap¬

376 3365 2437 235 prendre a tes enfans un hõneste ⁊ leal

376 3539 2425 243 mestier. Car en ce faisant ilz occupent

372 3717 2417 235 le temps de ieuuesse/ ⁊ se gardent de

396 3887 2377 243 soy enyurer hasetter/ batailler/ ⁊ dau¬

384 4057 2381 255 tres meschantes besongnes. Et si par

396 4239 2360 243 quelque fortune ilz uiennẽt a paoure

388 4401 2352 259 te/ il est bon de scauoir quelque stile/

380 4587 2372 247 par lequel ilz puissent guaigner leur

380 4765 2381 231 pain. Et si cela ne leur aduient/ enco¬

372 4935 2393 251 re doibuẽt ilz tousiours faire quelque

372 5105 2376 251 chose pour mieux aider les paoures.

372 5279 2369 279 Car selon lescripture nul ne doibt estre

1902 5493 822 243 M 5 oy¬

2770 5303 403 215 Gen.3.
