4267 6631
1586 513 243 266 56

2642 530 668 254 Du salut.

1829 690 2189 315 brieux. Christ nous peut eternellemẽt

1835 887 2181 266 sauuer approchant par soy mesme a

1823 1049 2182 255 Dieu, tousiours uiuãt pour interpel

1805 1204 2181 258 ler, ⁊ interceder pour nous. Car il ap¬

1805 1381 2181 225 partenoit que nous eussions un tel

1798 1521 2181 250 euesque sainct/ innocent/ impollu/ se¬

1805 1701 2163 218 pare des pecheurs/ et faict plus hault

1805 1849 2156 221 que les cieux. Et par sa mort nous

1794 2000 2156 232 est concede que nous sommes Chre¬

1783 2158 2159 232 stiens/ ⁊ enfans de Dieu/ comme pa¬

1801 2315 2123 243 reillement enseigne sainct Paul/ di¬

1794 2464 2137 236 sant: Uous estes tous filz de Dieu

1790 2615 2149 243 par la foy/ laq̃lle est en Iesu Christ.

1779 2759 2163 272 Et pource que Iesus Christ est faict

1779 2917 2160 251 homme/ il est aussi faict, nostre frere.

1779 3079 2145 243 Et ueu que nous sommes ses freres/

1772 3238 2155 261 nous sommes aussi heritiers de sa

1783 3400 2133 243 gloire quil a auec son Pere. Comme

1785 3547 2117 260 dit sainct Paul aux Romains. Qui

1763 3724 2111 243 na point espargne son propre Filz/

1757 3875 2115 239 mais a donne iceluy pour nous tous/

1765 4041 2081 217 comment ne nous a il point donne

1779 4170 2053 250 tout auec iceluy? Nous sommes

1757 4324 2075 262 donc certains que tout ce qui est a Ie¬

1765 4479 2056 273 su Christ est aussi nostre/ si nous le

1757 4660 907 221 scauons croyre.

3272 4857 525 254 Quelcun

1359 696 459 254 Hebre.7.

1348 2149 459 392 Gala.3.

1343 3542 425 204 Rom.8.
