4267 6457
1686 661 215 232 36

2659 688 689 201 De la foy.

1909 868 2103 222 Foy laquelle ont peu de gens/ et nen¬

1902 1025 2042 219 tendent point que cest de la foy.

1909 1176 2099 215 Nous cuydons que quand nous cro¬

1912 1327 2103 215 yons que Dieu est Dieu/ et scauons

1905 1481 2110 215 nostre Credo/ que nous auons la foy

1902 1632 2117 211 laquelle est tenu dauoir un Chre¬

1905 1782 2103 216 stien. Le diable croit aussi quil est un

1905 1937 2110 204 Dieu/ et une uie eternelle/ et un en¬

1912 2091 2107 197 fer/ et tremble: mais il ne uault

1902 2242 2117 208 point pourtant de mieulx/ pour ceste

1898 2392 2114 197 foy/ comme dit sainct Iaques. Les

1885 2539 1864 183 diables croyent/ et ilz tremblent.

2049 2672 1952 226 Tu croyras donc premieremẽt sim

1887 2830 2110 208 plem̃t/ sãs arguer ou disputer q̃ le Pe

1891 2977 2096 226 re/ le Filz/ ⁊ le saĩct Esprit est un seul

1884 3131 2113 223 Dieu. Et ce ne desireras tu point a en

1876 3285 2100 208 tendre/ et ne te occupe point moult en

1880 3429 2085 222 cela: car ce nest point le principal que

1873 3583 2085 208 nous debuons croyre/ ⁊ nostre foy ne

1876 3734 2071 211 gist point principalement en cela: car

1873 3884 2049 205 ce croyt pareillement bien le diable/

1876 4032 2028 215 comme maintenant est dit/ et nen

1884 4175 1532 204 uault pourtant de mieulx.

2020 4329 1916 216 Ueux tu donc scauoir quelle chose

1866 4476 2060 208 tu doibs croire? Ce nous enseigne saĩct

1864 4632 2063 243 Paul escripuant aux Romains/ ou il

3588 4806 330 216 parle

1557 2421 334 339 Iaq.2.

1395 4568 447 280 Rom.4.
