4267 6329
1737 748 176 208 86

2529 745 988 193 De seruir Dieu.

1962 917 2083 208 croire, q̃ bõnes oeures/ ne fõt nul cer¬

1962 1075 2076 208 tain/ qͥl sera un enfant de Dieu, ⁊ son

1962 1223 2083 204 heritier. Mais a lopposite/ la foy/ et

1976 1381 2069 204 fiãce que tu as en Dieu/ par laquelle

1966 1533 2075 203 tu croys fermement qͥl ta faict son en¬

1962 1677 2086 207 fant/ icelle te faict seruir Dieu/ ⁊ gar¬

1952 1828 2086 211 der ses ꝯmãdemẽs ꝑ amoͬ/ ⁊ dilectiõ.

2089 1983 1931 204 Pourtãt sõt abuses/ ⁊ abusent toꝰ

1906 2134 2118 204 les Theologiẽs/ ou docteurs/ qͥ diẽt q̃

1931 2288 2082 197 certitude/ ou esperãce ꝓcede des bon¬

1924 2443 2093 187 nes oeures. Car au cõtraire de la certi¬

1927 2573 2076 211 tude/ ⁊ foy/ par laq̃lle tu crois le bien

1938 2721 2072 207 que Dieu ta faict/ uiennẽt les bõnes

1920 2876 2090 218 oeures. Cestadire. Quand tu crois tu

1931 3023 2065 215 cõmence a aymer/ ⁊ quãd tu ayme/ tu

1920 3168 1886 214 faictz ce q̃ Dieu ueult auoir faict.

2230 3340 1628 190 ¶ Comment il ne nous fault

2216 3477 1635 225 poĩt seruir Dieu pour loyer.

2525 3632 823 200 Chapitre .ix.

2204 3760 1709 221 Es oeures faictes en telle Foy ⁊

2220 3923 1698 211 charite/ sont seules aggreables a

1878 4068 2016 221 Dieu: ⁊ dignes destre appellees hon¬

1871 4233 2019 193 nes oeures: car se sont les oeures du

1871 4359 2012 233 saint Esprit/ qͥ habite en noꝰ par ceste

1860 4535 2023 187 Foy mais celles qͥ sõt faictes par an¬

1853 4669 2037 257 goisse, ⁊ mal uolũtairem̃t/ poͬ crainte

1909 3771 290 327 N

3440 4862 433 159 denfer/
