4267 6154
2451 615 169 220 73

1141 615 869 208 Chapitre .uii.

444 779 2007 219 faict et ordonne est mort dessus/ com¬

434 950 2024 191 biẽ moins pourra aucun rebouter/ ou

430 1090 2018 198 briser le testament de Dieu. Pourtãt

434 1244 2007 191 croyons nous certainement/ ⁊ scauõs

441 1391 2007 185 de uray que nous serõs sauuez/ ⁊ que

434 1535 2003 198 sommes enfans de dieu. Car si nous

423 1688 2018 165 nous tenons fermement a dieu/ il ne

410 1832 2041 185 nous mentira point: car la parolle de

403 1972 2017 192 dieu demeure eternellement. Celuy

403 2140 2031 167 croyt en dieu qui met toute sa fiance ⁊

403 2263 2038 191 toute son esperãce en dieu/ ⁊ en la iusti

417 2410 2013 184 ce de dieu/ uiuant selon son pouoir se¬

420 2547 2007 191 lon la reigle de charite/ nayãt toutes¬

430 2694 2014 184 foys quelque esperãce ou fiance en ses

410 2846 2020 174 propres oeuures ou bonne uie/ mais

423 2991 2007 171 seulement en la bõte diuine/ ⁊ es me¬

417 3124 2031 188 rites de Iesus Christ/ ⁊ croyãt certai¬

413 3271 2028 202 nemẽt que Dieu luy tiẽdra ce qͥl luy a

430 3418 2004 195 ꝓmis cõe remissiõ de peche ⁊ certitude

430 3555 2004 209 de la uie eternelle. Celuy qui faict ain

430 3702 2004 209 si est un uray Chrestiẽ/ ⁊ croyt ferme

417 3856 2013 198 ment qͥl fault que les parolles de dieu

441 4003 1972 198 soyent urayes/ nonobstant que selon

423 4153 1994 195 ses oeuures celuy semble chose impos¬

420 4290 2014 199 sible/ neantmoins il croit mieulx que

410 4454 2003 202 sans le merite daucunes bonnes oeu¬

1671 4598 742 202 E 5 ures
