<?xml version="1.0" encoding="UTF-8"?>
<alto xmlns:xsi="http://www.w3.org/2001/XMLSchema-instance"
      xmlns="http://www.loc.gov/standards/alto/ns-v4#"
      xsi:schemaLocation="http://www.loc.gov/standards/alto/ns-v4# http://www.loc.gov/standards/alto/v4/alto-4-2.xsd">
  <Description>
    <MeasurementUnit>pixel</MeasurementUnit>
    <sourceImageInformation>
      <fileName>La_somme_de_lescripture_saincte_...Luther_Martin_bpt6k328613m.pdf_page_177.png</fileName>
      <fileIdentifier>pdf//La_somme_de_lescripture_saincte_...Luther_Martin_bpt6k328613m.pdf</fileIdentifier>
    </sourceImageInformation>
  </Description>
  <Tags>
    <OtherTag ID="BT7" LABEL="CustomZone" DESCRIPTION="block type CustomZone"/><OtherTag ID="BT8" LABEL="DamageZone" DESCRIPTION="block type DamageZone"/><OtherTag ID="BT9" LABEL="DigitizationArtefactZone" DESCRIPTION="block type DigitizationArtefactZone"/><OtherTag ID="BT10" LABEL="DropCapitalZone" DESCRIPTION="block type DropCapitalZone"/><OtherTag ID="BT11" LABEL="GraphicZone" DESCRIPTION="block type GraphicZone"/><OtherTag ID="BT12" LABEL="MainZone" DESCRIPTION="block type MainZone"/><OtherTag ID="BT13" LABEL="MarginTextZone" DESCRIPTION="block type MarginTextZone"/><OtherTag ID="BT14" LABEL="MusicZone" DESCRIPTION="block type MusicZone"/><OtherTag ID="BT15" LABEL="NumberingZone" DESCRIPTION="block type NumberingZone"/><OtherTag ID="BT17" LABEL="QuireMarksZone" DESCRIPTION="block type QuireMarksZone"/><OtherTag ID="BT18" LABEL="RunningTitleZone" DESCRIPTION="block type RunningTitleZone"/><OtherTag ID="BT19" LABEL="SealZone" DESCRIPTION="block type SealZone"/><OtherTag ID="BT20" LABEL="StampZone" DESCRIPTION="block type StampZone"/><OtherTag ID="BT21" LABEL="TableZone" DESCRIPTION="block type TableZone"/><OtherTag ID="BT22" LABEL="TitlePageZone" DESCRIPTION="block type TitlePageZone"/><OtherTag ID="BT3120" LABEL="text" DESCRIPTION="block type text"/>
    <OtherTag ID="LT7" LABEL="CustomLine" DESCRIPTION="line type CustomLine"/><OtherTag ID="LT8" LABEL="DefaultLine" DESCRIPTION="line type DefaultLine"/><OtherTag ID="LT9" LABEL="DropCapitalLine" DESCRIPTION="line type DropCapitalLine"/><OtherTag ID="LT10" LABEL="HeadingLine" DESCRIPTION="line type HeadingLine"/><OtherTag ID="LT11" LABEL="InterlinearLine" DESCRIPTION="line type InterlinearLine"/><OtherTag ID="LT12" LABEL="MusicLine" DESCRIPTION="line type MusicLine"/><OtherTag ID="LT958" LABEL="default" DESCRIPTION="line type default"/>
  </Tags>
  <Layout>
    <Page WIDTH="4267"
          HEIGHT="6154"
          PHYSICAL_IMG_NR="176"
          ID="eSc_dummypage_">
      <PrintSpace HPOS="0"
                  VPOS="0"
                  WIDTH="4267"
                  HEIGHT="6154">
        <TextBlock HPOS="2303"
                   VPOS="637"
                   WIDTH="344"
                   HEIGHT="223"
                   ID="eSc_textblock_8430533e"
                   TAGREFS="BT15">
          <Shape><Polygon POINTS="2303 637 2303 860 2647 860 2647 637"/></Shape>
          <TextLine ID="eSc_line_a0adaf8c"
                    TAGREFS="LT8"
                    BASELINE="2362 776 2590 769" 
                    HPOS="2348"
                    VPOS="635"
                    WIDTH="241"
                    HEIGHT="221">
            <Shape><Polygon POINTS="2359 774 2359 815 2461 856 2466 856 2471 856 2477 856 2589 805 2589 764 2574 635 2348 646 2359 774"/></Shape>
            <String CONTENT="173"
                    HPOS="2348"
                    VPOS="635"
                    WIDTH="241"
                    HEIGHT="221"
                    WC="0.9999927282333374"></String>
          </TextLine>
        </TextBlock>
        <TextBlock HPOS="1020"
                   VPOS="595"
                   WIDTH="994"
                   HEIGHT="235"
                   ID="eSc_textblock_63bcd10a"
                   TAGREFS="BT18">
          <Shape><Polygon POINTS="1020 595 1020 830 2014 830 2014 595"/></Shape>
          <TextLine ID="eSc_line_c3a19996"
                    TAGREFS="LT10"
                    BASELINE="1080 762 1983 772" 
                    HPOS="1077"
                    VPOS="642"
                    WIDTH="906"
                    HEIGHT="199">
            <Shape><Polygon POINTS="1901 649 1866 649 1832 649 1798 646 1764 646 1736 646 1723 656 1647 646 1627 646 1593 646 1559 646 1524 646 1490 646 1456 646 1422 642 1388 642 1367 642 1268 646 1261 642 1251 642 1217 642 1182 642 1148 642 1124 642 1080 646 1080 762 1077 820 1244 834 1247 834 1251 834 1254 834 1292 810 1364 834 1367 834 1371 834 1593 813 1781 841 1784 841 1788 841 1791 841 1818 817 1883 841 1887 841 1890 841 1894 841 1979 813 1983 772 1983 659 1945 649 1935 649"/></Shape>
            <String CONTENT="Chapitre .xxii."
                    HPOS="1077"
                    VPOS="642"
                    WIDTH="906"
                    HEIGHT="199"
                    WC="0.9967212398846944"></String>
          </TextLine>
        </TextBlock>
        <TextBlock HPOS="314"
                   VPOS="806"
                   WIDTH="2122"
                   HEIGHT="3869"
                   ID="eSc_textblock_f3c96e69"
                   TAGREFS="BT12">
          <Shape><Polygon POINTS="357 806 314 4663 2436 4675 2436 824"/></Shape>
          <TextLine ID="eSc_line_3814c918"
                    TAGREFS="LT8"
                    BASELINE="417 933 2441 950" 
                    HPOS="413"
                    VPOS="800"
                    WIDTH="2028"
                    HEIGHT="201">
            <Shape><Polygon POINTS="417 844 417 933 413 964 564 991 567 991 570 991 632 974 752 991 755 991 759 991 806 970 861 994 865 994 868 994 871 994 947 974 1090 994 1094 994 1097 994 1172 974 1220 998 1224 998 1227 998 1230 998 1302 977 1412 998 1415 998 1624 977 1712 1001 1716 1001 1719 1001 2437 988 2441 950 2441 841 2359 820 2355 820 2352 820 2188 841 2034 810 2030 810 2027 810 1983 830 1931 810 1928 810 1924 810 1921 810 1918 810 1918 813 1890 837 1753 834 1726 810 1723 810 1719 810 1716 810 1712 810 1634 837 1589 806 1586 806 1583 806 1504 806 1500 806 1497 806 1494 806 1459 837 1343 837 1319 813 1316 813 1312 813 1309 813 1306 813 1237 834 1200 803 1196 803 1193 803 1029 803 1025 803 1022 803 1018 803 1018 806 991 830 940 803 936 803 933 803 929 803 851 830 810 803 806 803 803 803 800 803 796 803 724 827 584 800 581 800 447 817 417 844"/></Shape>
            <String CONTENT="cõme il est escript en S. Matthieu, ou"
                    HPOS="413"
                    VPOS="800"
                    WIDTH="2028"
                    HEIGHT="201"
                    WC="0.9991230506163377"></String>
          </TextLine>
          <TextLine ID="eSc_line_a6183a72"
                    TAGREFS="LT8"
                    BASELINE="430 1097 1135 1083 2406 1096" 
                    HPOS="427"
                    VPOS="953"
                    WIDTH="1980"
                    HEIGHT="199">
            <Shape><Polygon POINTS="1924 1138 1695 1152 1689 1152 1644 1131 1542 1148 1538 1148 1453 1131 1319 1148 1316 1148 1049 1128 936 1145 926 1145 899 1128 752 1145 741 1145 718 1128 635 1145 632 1145 427 1135 430 1097 430 953 673 974 994 957 998 957 1302 988 1548 988 1637 960 1651 960 1692 988 2130 974 2133 974 2239 991 2270 967 2283 967 2345 984 2365 967 2407 967 2405 1147"/></Shape>
            <String CONTENT="Iesꝰ christ dit: aymez uozẽnemis. Cõ"
                    HPOS="427"
                    VPOS="953"
                    WIDTH="1980"
                    HEIGHT="199"
                    WC="0.9845380547799563"></String>
          </TextLine>
          <TextLine ID="eSc_line_c5281a2d"
                    TAGREFS="LT8"
                    BASELINE="420 1223 2427 1241" 
                    HPOS="417"
                    VPOS="1107"
                    WIDTH="2010"
                    HEIGHT="192">
            <Shape><Polygon POINTS="420 1223 417 1271 427 1282 430 1282 430 1285 434 1285 437 1285 441 1285 444 1285 447 1285 471 1264 570 1264 598 1285 601 1285 605 1285 608 1285 899 1268 926 1288 929 1288 933 1288 936 1288 940 1288 943 1288 971 1268 1193 1268 1319 1292 1323 1292 1326 1292 1398 1275 1873 1295 1877 1295 1880 1295 1948 1275 2020 1299 2024 1299 2027 1299 2424 1275 2427 1241 2427 1148 2321 1148 2283 1121 2280 1121 2277 1121 2273 1121 2270 1121 2266 1121 2239 1141 2095 1121 2092 1121 1948 1141 1921 1121 1921 1117 1918 1117 1914 1117 1911 1117 1805 1141 1542 1141 1466 1114 1463 1114 1459 1114 1316 1135 1227 1111 1224 1111 1220 1111 1217 1111 1172 1135 1097 1111 1094 1111 953 1111 950 1111 947 1111 943 1111 916 1131 823 1107 820 1107 817 1107 813 1107 752 1135 557 1135 506 1107 502 1107 499 1107 495 1107 420 1128 420 1223"/></Shape>
            <String CONTENT="bien plꝰ dõc doibuẽt aymer lun lautre"
                    HPOS="417"
                    VPOS="1107"
                    WIDTH="2010"
                    HEIGHT="192"
                    WC="0.9831512677363861"></String>
          </TextLine>
          <TextLine ID="eSc_line_e1949baa"
                    TAGREFS="LT8"
                    BASELINE="427 1370 2420 1388" 
                    HPOS="423"
                    VPOS="1251"
                    WIDTH="1997"
                    HEIGHT="202">
            <Shape><Polygon POINTS="427 1370 423 1415 468 1432 471 1432 475 1432 789 1415 830 1439 834 1439 837 1439 841 1439 1206 1418 1312 1442 1316 1442 1572 1422 1689 1446 2020 1449 2024 1453 2229 1453 2229 1449 2232 1449 2294 1429 2372 1449 2376 1449 2379 1449 2383 1449 2386 1449 2417 1425 2420 1388 2417 1288 2024 1288 1945 1261 1942 1261 1938 1261 1466 1278 1439 1258 1436 1258 1432 1258 1429 1258 1241 1278 1148 1254 1145 1254 1141 1254 1138 1254 1135 1254 1111 1271 971 1254 967 1254 964 1254 885 1275 827 1251 823 1251 820 1251 817 1251 735 1275 625 1275 605 1254 605 1251 601 1251 598 1251 594 1251 427 1268 427 1370"/></Shape>
            <String CONTENT="lhõe ⁊ la femme, qͥ ne sõt q̃ un corps?"
                    HPOS="423"
                    VPOS="1251"
                    WIDTH="1997"
                    HEIGHT="202"
                    WC="0.979293134154343"></String>
          </TextLine>
          <TextLine ID="eSc_line_c59ecabf"
                    TAGREFS="LT8"
                    BASELINE="423 1521 2410 1535" 
                    HPOS="420"
                    VPOS="1401"
                    WIDTH="1990"
                    HEIGHT="195">
            <Shape><Polygon POINTS="423 1521 420 1565 776 1562 875 1582 878 1582 1152 1565 1521 1589 1524 1589 1528 1589 1586 1572 1613 1589 1617 1589 1620 1589 1924 1593 1928 1593 2010 1576 2034 1593 2037 1593 2041 1593 2044 1596 2256 1596 2256 1593 2260 1593 2263 1593 2290 1576 2331 1593 2335 1593 2338 1593 2342 1593 2407 1569 2410 1535 2407 1439 2314 1439 2273 1408 2270 1408 2266 1408 2263 1408 2260 1408 2256 1408 2222 1435 2075 1418 2071 1418 1955 1435 1647 1435 1627 1415 1627 1412 1624 1412 1620 1412 1617 1412 1535 1429 1500 1405 1497 1405 1494 1405 1490 1405 1487 1405 1398 1429 1295 1401 1292 1401 1288 1401 1285 1401 1186 1429 1141 1401 1138 1401 1135 1401 1025 1401 1022 1401 1018 1401 1015 1401 974 1429 916 1401 912 1401 909 1401 423 1405 423 1521"/></Shape>
            <String CONTENT="Car S. Paul admõeste en toutes ses"
                    HPOS="420"
                    VPOS="1401"
                    WIDTH="1990"
                    HEIGHT="195"
                    WC="0.9888682280267987"></String>
          </TextLine>
          <TextLine ID="eSc_line_1966e7bd"
                    TAGREFS="LT8"
                    BASELINE="427 1664 2404 1679" 
                    HPOS="420"
                    VPOS="1559"
                    WIDTH="1980"
                    HEIGHT="164">
            <Shape><Polygon POINTS="425 1661 420 1707 2389 1723 2400 1676 2395 1574 425 1559 425 1661"/></Shape>
            <String CONTENT="Epistres q̃ les hõmes aymẽt leͬs fem"
                    HPOS="420"
                    VPOS="1559"
                    WIDTH="1980"
                    HEIGHT="164"
                    WC="0.9805624359532407"></String>
          </TextLine>
          <TextLine ID="eSc_line_ce4ae0ba"
                    TAGREFS="LT8"
                    BASELINE="420 1812 2404 1823" 
                    HPOS="410"
                    VPOS="1707"
                    WIDTH="1990"
                    HEIGHT="175">
            <Shape><Polygon POINTS="415 1810 410 1851 2389 1882 2400 1820 2395 1717 415 1707 415 1810"/></Shape>
            <String CONTENT="mes. Mais, il en y a peu qui sachent cõ"
                    HPOS="410"
                    VPOS="1707"
                    WIDTH="1990"
                    HEIGHT="175"
                    WC="0.9924773007631302"></String>
          </TextLine>
          <TextLine ID="eSc_line_6aa580b3"
                    TAGREFS="LT8"
                    BASELINE="406 1952 2404 1986" 
                    HPOS="400"
                    VPOS="1846"
                    WIDTH="2000"
                    HEIGHT="179">
            <Shape><Polygon POINTS="405 1948 400 1994 2389 2025 2400 1984 2395 1871 405 1846 405 1948"/></Shape>
            <String CONTENT="ment ilz doibuent aymer lun lautre."
                    HPOS="400"
                    VPOS="1846"
                    WIDTH="2000"
                    HEIGHT="179"
                    WC="0.9961762155805315"></String>
          </TextLine>
          <TextLine ID="eSc_line_2798aada"
                    TAGREFS="LT8"
                    BASELINE="389 2099 2396 2133" 
                    HPOS="386"
                    VPOS="1979"
                    WIDTH="2010"
                    HEIGHT="202">
            <Shape><Polygon POINTS="389 2099 386 2150 2389 2181 2396 2133 2396 2037 2054 2030 2034 2010 2034 2006 2030 2006 2027 2006 2024 2006 1795 2023 1767 2003 1764 2003 1760 2003 1757 2003 1668 2020 1521 2000 1518 2000 1514 2000 1463 2017 1388 1993 1384 1993 1381 1993 1186 2013 1080 1989 1077 1989 981 2010 810 2010 762 1982 759 1982 755 1982 550 2000 468 1979 464 1979 461 1979 458 1979 389 2000 389 2099"/></Shape>
            <String CONTENT="Car si tu ayme seulement ta femme,"
                    HPOS="386"
                    VPOS="1979"
                    WIDTH="2010"
                    HEIGHT="202"
                    WC="0.9984111032065224"></String>
          </TextLine>
          <TextLine ID="eSc_line_78db7cb2"
                    TAGREFS="LT8"
                    BASELINE="389 2249 2413 2276" 
                    HPOS="389"
                    VPOS="2133"
                    WIDTH="2024"
                    HEIGHT="205">
            <Shape><Polygon POINTS="389 2249 389 2297 882 2294 916 2321 919 2321 923 2321 926 2321 1073 2300 1193 2324 1196 2324 1312 2300 1340 2324 1343 2324 1347 2324 1350 2324 1353 2324 1398 2307 1449 2328 1453 2328 1456 2328 1548 2311 1907 2335 1911 2335 2092 2318 2143 2335 2147 2335 2150 2335 2154 2335 2195 2314 2218 2335 2218 2338 2222 2338 2225 2338 2229 2338 2410 2311 2413 2276 2413 2177 2229 2157 2225 2157 2222 2157 2218 2157 2195 2177 1911 2177 1836 2153 1832 2153 1829 2153 1658 2170 1524 2147 1521 2147 1405 2167 1326 2143 1323 2143 1319 2143 1087 2160 1012 2143 1008 2143 1005 2143 1001 2143 953 2160 820 2136 817 2136 748 2150 389 2133 389 2249"/></Shape>
            <String CONTENT="pourtant que cest ta femme, ⁊ par sen"
                    HPOS="389"
                    VPOS="2133"
                    WIDTH="2024"
                    HEIGHT="205"
                    WC="0.9923191586056271"></String>
          </TextLine>
          <TextLine ID="eSc_line_9b94345b"
                    TAGREFS="LT8"
                    BASELINE="400 2393 2420 2423" 
                    HPOS="400"
                    VPOS="2276"
                    WIDTH="2020"
                    HEIGHT="206">
            <Shape><Polygon POINTS="400 2393 400 2447 451 2434 529 2454 533 2454 536 2454 540 2454 598 2434 683 2458 687 2458 690 2458 694 2458 769 2437 847 2461 851 2461 854 2461 960 2441 1012 2461 1015 2461 1018 2461 1022 2461 1025 2461 1053 2441 1251 2441 1288 2468 1292 2468 1295 2468 1299 2468 1398 2447 1521 2471 1524 2475 1675 2475 1675 2471 1678 2471 1682 2471 1712 2451 1969 2478 1972 2478 2119 2458 2191 2482 2195 2482 2198 2482 2417 2458 2420 2423 2417 2321 2314 2304 2311 2304 2307 2304 2253 2321 2174 2297 2171 2297 2167 2297 2164 2297 2112 2321 1805 2321 1774 2297 1771 2297 1767 2297 1764 2297 1456 2311 1429 2290 1429 2287 1425 2287 1422 2287 1418 2287 1415 2287 1357 2311 1302 2283 1299 2283 1295 2283 1292 2283 1241 2307 1141 2307 1118 2283 1114 2283 1111 2283 1107 2283 940 2304 912 2283 912 2280 909 2280 906 2280 827 2276 823 2276 820 2276 745 2300 721 2280 721 2276 718 2276 714 2276 400 2276 400 2393"/></Shape>
            <String CONTENT="sualite selon la chair, ⁊ poͬce quelle te"
                    HPOS="400"
                    VPOS="2276"
                    WIDTH="2020"
                    HEIGHT="206"
                    WC="0.9959469364910591"></String>
          </TextLine>
          <TextLine ID="eSc_line_b37703e6"
                    TAGREFS="LT8"
                    BASELINE="400 2536 2417 2567" 
                    HPOS="396"
                    VPOS="2417"
                    WIDTH="2021"
                    HEIGHT="205">
            <Shape><Polygon POINTS="400 2536 396 2588 567 2574 632 2598 635 2598 639 2598 642 2598 697 2577 724 2598 728 2598 731 2598 735 2598 738 2598 800 2577 844 2601 847 2601 851 2601 854 2601 858 2601 878 2581 1039 2581 1237 2605 1241 2605 1244 2605 1288 2584 1357 2608 1360 2608 1364 2608 1367 2608 1436 2588 1477 2608 1480 2608 1483 2608 1675 2591 1740 2615 1743 2615 1747 2615 2177 2605 2198 2622 2201 2622 2205 2622 2208 2622 2321 2605 2355 2622 2359 2622 2362 2622 2365 2622 2413 2598 2417 2567 2417 2461 2321 2444 2318 2444 2123 2465 2075 2444 2071 2444 2068 2444 1969 2465 1842 2441 1839 2441 1836 2441 1781 2461 1689 2437 1685 2437 1682 2437 1678 2437 1675 2437 1651 2461 1524 2461 1487 2430 1483 2430 1480 2430 1477 2430 1302 2454 1275 2430 1275 2427 1271 2427 1268 2427 1265 2427 1145 2444 1073 2423 1070 2423 1066 2423 1063 2423 1005 2447 947 2423 943 2423 940 2423 827 2444 789 2420 786 2420 782 2420 779 2420 673 2444 605 2444 577 2420 577 2417 574 2417 570 2417 567 2417 564 2417 509 2441 464 2417 461 2417 458 2417 454 2417 400 2430 400 2536"/></Shape>
            <String CONTENT="sert ⁊ cõplaist selon le corps, en beaul¬"
                    HPOS="396"
                    VPOS="2417"
                    WIDTH="2021"
                    HEIGHT="205"
                    WC="0.991773743005026"></String>
          </TextLine>
          <TextLine ID="eSc_line_c0cda265"
                    TAGREFS="LT8"
                    BASELINE="396 2673 2420 2704" 
                    HPOS="393"
                    VPOS="2560"
                    WIDTH="2027"
                    HEIGHT="202">
            <Shape><Polygon POINTS="396 2673 393 2724 612 2714 646 2735 649 2735 653 2735 656 2735 837 2718 971 2738 974 2738 1128 2724 1165 2741 1169 2741 1172 2741 1176 2741 1179 2741 1200 2724 1552 2748 1555 2748 1559 2748 1596 2731 1747 2752 1750 2752 1753 2752 1757 2752 1777 2735 1928 2735 1962 2755 1965 2755 1969 2755 1972 2755 2181 2741 2205 2759 2208 2759 2212 2759 2215 2762 2417 2762 2420 2704 2420 2615 1760 2608 1719 2577 1716 2577 1712 2577 1459 2574 1456 2574 1453 2574 1398 2598 1278 2598 1254 2574 1251 2574 1247 2574 1244 2574 1138 2594 1077 2567 1073 2567 865 2567 861 2567 858 2567 854 2567 827 2588 803 2567 803 2564 800 2564 796 2564 793 2564 646 2588 594 2564 591 2564 588 2564 485 2581 441 2560 437 2560 434 2560 430 2560 427 2560 396 2577 396 2673"/></Shape>
            <String CONTENT="te, en noblesse, en richesses/ et autres"
                    HPOS="393"
                    VPOS="2560"
                    WIDTH="2027"
                    HEIGHT="202"
                    WC="0.9913319006562233"></String>
          </TextLine>
          <TextLine ID="eSc_line_de9b25a4"
                    TAGREFS="LT8"
                    BASELINE="400 2817 2424 2847" 
                    HPOS="396"
                    VPOS="2704"
                    WIDTH="2028"
                    HEIGHT="202">
            <Shape><Polygon POINTS="400 2817 396 2858 430 2878 434 2878 437 2878 441 2878 533 2858 618 2882 622 2882 625 2882 629 2882 632 2882 663 2861 680 2878 683 2878 687 2878 690 2878 694 2878 735 2861 765 2882 769 2882 772 2882 776 2882 899 2868 1073 2888 1077 2888 1203 2868 1309 2885 1312 2885 1716 2875 1972 2902 1976 2902 2154 2882 2331 2906 2335 2906 2338 2906 2420 2882 2424 2847 2420 2741 400 2704 400 2817"/></Shape>
            <String CONTENT="choses semblables/ celle nest point a¬"
                    HPOS="396"
                    VPOS="2704"
                    WIDTH="2028"
                    HEIGHT="202"
                    WC="0.9933664861478304"></String>
          </TextLine>
          <TextLine ID="eSc_line_f0478356"
                    TAGREFS="LT8"
                    BASELINE="389 2964 2242 2994 2411 3015" 
                    HPOS="379"
                    VPOS="2835"
                    WIDTH="2031"
                    HEIGHT="206">
            <Shape><Polygon POINTS="384 2959 379 3005 2400 3041 2410 3010 2405 2892 1230 2841 1225 2841 1061 2866 728 2835 723 2835 718 2835 661 2861 384 2861 384 2959"/></Shape>
            <String CONTENT="mour deuant Dieu. De telle amour"
                    HPOS="379"
                    VPOS="2835"
                    WIDTH="2031"
                    HEIGHT="206"
                    WC="0.9997197315096855"></String>
          </TextLine>
          <TextLine ID="eSc_line_ab4a8af8"
                    TAGREFS="LT8"
                    BASELINE="386 3114 1719 3131 2411 3150" 
                    HPOS="379"
                    VPOS="2984"
                    WIDTH="2031"
                    HEIGHT="195">
            <Shape><Polygon POINTS="384 3112 379 3159 2400 3179 2410 3148 2405 3030 1071 2984 1066 2984 384 2994 384 3112"/></Shape>
            <String CONTENT="ne ple poĩt S. Paul. Car telle amour"
                    HPOS="379"
                    VPOS="2984"
                    WIDTH="2031"
                    HEIGHT="195"
                    WC="0.9924353892738754"></String>
          </TextLine>
          <TextLine ID="eSc_line_dd56188c"
                    TAGREFS="LT8"
                    BASELINE="389 3268 1258 3268 2407 3292" 
                    HPOS="386"
                    VPOS="3135"
                    WIDTH="2021"
                    HEIGHT="212">
            <Shape><Polygon POINTS="389 3268 386 3309 406 3323 410 3323 413 3323 417 3323 854 3309 1107 3309 1138 3333 1141 3333 1145 3333 1148 3333 1371 3316 1634 3340 1637 3340 1726 3323 1812 3340 1815 3340 1818 3340 1822 3340 1842 3323 1907 3343 1911 3343 1914 3343 2051 3326 2147 3347 2150 3347 2270 3329 2400 3347 2407 3292 2407 3193 2273 3193 2198 3159 2195 3159 2191 3159 2075 3172 2054 3155 2051 3155 2048 3155 2044 3155 2041 3155 1959 3182 1658 3182 1610 3148 1606 3148 1603 3148 1600 3148 1483 3169 1340 3145 1336 3145 1333 3145 1265 3176 1042 3176 981 3145 977 3145 974 3145 971 3145 967 3145 923 3172 861 3138 858 3138 646 3138 642 3138 639 3138 635 3138 601 3169 536 3135 533 3135 461 3135 458 3135 454 3135 389 3159 389 3268"/></Shape>
            <String CONTENT="est aussi entre paillardz, ⁊ paillardes,"
                    HPOS="386"
                    VPOS="3135"
                    WIDTH="2021"
                    HEIGHT="212"
                    WC="0.9855685502290725"></String>
          </TextLine>
          <TextLine ID="eSc_line_ee31463a"
                    TAGREFS="LT8"
                    BASELINE="403 3415 1224 3415 2417 3442" 
                    HPOS="400"
                    VPOS="3285"
                    WIDTH="2017"
                    HEIGHT="209">
            <Shape><Polygon POINTS="403 3415 400 3453 837 3453 871 3473 875 3473 878 3473 882 3477 988 3477 988 3473 991 3473 1042 3456 1094 3477 1097 3477 1340 3480 1343 3480 1439 3463 1538 3483 1542 3483 1665 3466 1753 3487 1757 3487 1760 3487 2280 3477 2307 3494 2311 3494 2314 3494 2318 3494 2413 3473 2417 3442 2417 3343 1842 3319 1839 3319 1836 3319 1791 3333 1760 3306 1760 3302 1757 3302 1753 3302 1750 3302 1579 3326 1514 3299 1511 3299 1323 3295 1319 3295 1176 3323 1141 3295 1138 3295 1135 3295 1131 3295 1128 3295 1056 3312 1008 3292 1005 3292 1001 3292 998 3292 947 3306 806 3288 803 3288 800 3288 738 3316 666 3285 663 3285 659 3285 656 3285 601 3312 553 3292 550 3292 547 3292 403 3292 403 3415"/></Shape>
            <String CONTENT="⁊ entre les bestes brutes. Pourtant ne"
                    HPOS="400"
                    VPOS="3285"
                    WIDTH="2017"
                    HEIGHT="209"
                    WC="0.99662216242991"></String>
          </TextLine>
          <TextLine ID="eSc_line_ee358380"
                    TAGREFS="LT8"
                    BASELINE="406 3559 2407 3589" 
                    HPOS="403"
                    VPOS="3439"
                    WIDTH="2004"
                    HEIGHT="208">
            <Shape><Polygon POINTS="406 3559 403 3610 526 3589 605 3589 642 3620 646 3620 649 3620 653 3620 656 3620 659 3620 707 3593 841 3593 902 3624 906 3624 909 3624 1100 3603 1148 3627 1152 3627 1155 3630 1230 3630 1230 3627 1234 3627 1237 3627 1265 3603 1288 3620 1292 3620 1295 3620 1299 3620 1470 3603 1613 3634 1784 3637 1788 3637 1791 3637 1859 3613 2184 3644 2188 3647 2348 3647 2348 3644 2352 3644 2403 3613 2407 3589 2407 3487 2188 3487 2133 3459 2130 3459 2126 3459 1743 3477 1685 3453 1682 3453 1678 3453 1559 3473 1524 3449 1521 3449 1518 3449 1514 3449 1511 3449 1466 3473 1309 3473 1070 3442 1066 3442 858 3459 813 3439 810 3439 806 3439 406 3446 406 3559"/></Shape>
            <String CONTENT="peulz tu ainsi aymer ta femme. Mais"
                    HPOS="403"
                    VPOS="3439"
                    WIDTH="2004"
                    HEIGHT="208"
                    WC="0.9998835257121494"></String>
          </TextLine>
          <TextLine ID="eSc_line_eae42595"
                    TAGREFS="LT8"
                    BASELINE="406 3695 2400 3736" 
                    HPOS="403"
                    VPOS="3582"
                    WIDTH="1997"
                    HEIGHT="202">
            <Shape><Polygon POINTS="406 3695 403 3743 984 3743 1131 3764 1135 3764 1138 3764 1210 3747 1271 3767 1275 3767 1278 3767 1398 3750 1463 3771 1466 3771 1470 3771 1473 3771 1542 3753 1562 3771 1562 3774 1565 3774 1569 3774 1572 3774 1730 3757 1791 3777 1795 3777 1798 3777 1880 3760 1894 3777 1897 3777 1897 3781 1901 3781 1904 3781 2065 3784 2068 3784 2071 3784 2130 3767 2215 3784 2218 3784 2396 3767 2400 3736 2400 3637 1938 3637 1887 3610 1883 3610 1880 3610 1743 3630 1665 3603 1661 3603 1658 3603 1654 3603 1589 3627 1555 3596 1552 3596 1548 3596 1545 3596 1466 3610 1405 3593 1401 3593 1398 3593 1179 3617 1124 3589 1121 3589 1118 3589 1114 3589 1056 3613 892 3582 888 3582 406 3589 406 3695"/></Shape>
            <String CONTENT="cõment doncq̃s? Tu laymeras pour¬"
                    HPOS="403"
                    VPOS="3582"
                    WIDTH="1997"
                    HEIGHT="202"
                    WC="0.9995997215018553"></String>
          </TextLine>
          <TextLine ID="eSc_line_03ac6b08"
                    TAGREFS="LT8"
                    BASELINE="403 3839 2403 3880" 
                    HPOS="400"
                    VPOS="3736"
                    WIDTH="2003"
                    HEIGHT="202">
            <Shape><Polygon POINTS="403 3839 400 3880 516 3880 560 3907 564 3907 567 3907 570 3907 574 3907 622 3883 663 3904 666 3904 670 3904 673 3904 714 3883 806 3911 810 3911 813 3911 912 3890 1070 3918 1073 3918 1295 3897 1398 3924 1401 3924 1405 3924 1555 3900 1579 3924 1579 3928 1583 3928 1586 3928 1589 3928 1671 3911 1733 3928 1736 3928 1740 3928 1743 3928 1798 3907 1907 3935 1911 3935 1914 3935 2027 3914 2061 3938 2065 3938 2068 3938 2071 3938 2400 3914 2403 3880 2400 3774 403 3736 403 3839"/></Shape>
            <String CONTENT="ce que cest ta seur en la foy Chrestien¬"
                    HPOS="400"
                    VPOS="3736"
                    WIDTH="2003"
                    HEIGHT="202"
                    WC="0.9993506640195846"></String>
          </TextLine>
          <TextLine ID="eSc_line_78862737"
                    TAGREFS="LT8"
                    BASELINE="389 3989 2403 4030" 
                    HPOS="386"
                    VPOS="3877"
                    WIDTH="2017"
                    HEIGHT="198">
            <Shape><Polygon POINTS="389 3989 386 4044 2396 4075 2403 4030 2400 3938 2075 3931 2054 3911 2054 3907 2051 3907 2048 3907 2044 3907 1928 3924 1702 3900 1699 3900 1617 3918 1562 3894 1559 3894 1555 3894 1405 3914 1350 3890 1347 3890 1343 3890 1340 3890 1258 3911 1135 3887 1131 3887 984 3904 892 3880 888 3880 885 3880 782 3897 724 3877 721 3877 718 3877 588 3897 560 3877 557 3877 553 3877 550 3877 389 3887 389 3989"/></Shape>
            <String CONTENT="ne, ⁊ quelle est ensemble heritiere auec"
                    HPOS="386"
                    VPOS="3877"
                    WIDTH="2017"
                    HEIGHT="198"
                    WC="0.9775664553046226"></String>
          </TextLine>
          <TextLine ID="eSc_line_d66ef0a2"
                    TAGREFS="LT8"
                    BASELINE="393 4136 2396 4177" 
                    HPOS="389"
                    VPOS="4020"
                    WIDTH="2007"
                    HEIGHT="195">
            <Shape><Polygon POINTS="393 4136 389 4174 2389 4215 2396 4177 2396 4078 2307 4054 2304 4054 2301 4054 2205 4075 2133 4051 2130 4051 2126 4051 1894 4071 1565 4065 1524 4037 1521 4037 1518 4037 1330 4034 1326 4034 1323 4034 1251 4058 1234 4044 1234 4041 1230 4041 1227 4041 1224 4041 1124 4054 1025 4027 1022 4027 1018 4027 560 4044 393 4020 393 4136"/></Shape>
            <String CONTENT="toy de la gloire de Dieu, ⁊ que uous"
                    HPOS="389"
                    VPOS="4020"
                    WIDTH="2007"
                    HEIGHT="195"
                    WC="0.9962925795051787"></String>
          </TextLine>
          <TextLine ID="eSc_line_f77e6f76"
                    TAGREFS="LT8"
                    BASELINE="389 4290 2386 4321" 
                    HPOS="386"
                    VPOS="4164"
                    WIDTH="2000"
                    HEIGHT="208">
            <Shape><Polygon POINTS="389 4290 386 4335 2379 4372 2386 4321 2383 4198 2270 4222 1955 4222 1928 4198 1924 4198 1921 4198 1918 4198 1914 4198 1866 4215 1692 4184 1689 4184 1685 4184 1603 4208 1572 4184 1569 4184 1565 4184 1466 4181 1463 4181 1459 4181 1398 4212 1302 4212 1193 4177 1189 4177 892 4174 888 4174 885 4174 837 4198 803 4171 800 4171 796 4171 793 4171 789 4171 707 4198 639 4171 635 4171 632 4171 523 4194 485 4167 482 4167 478 4167 389 4164 389 4290"/></Shape>
            <String CONTENT="seruez ensemble tout un Dieu, ⁊ poͬ¬"
                    HPOS="386"
                    VPOS="4164"
                    WIDTH="2000"
                    HEIGHT="208"
                    WC="0.9853066288762622"></String>
          </TextLine>
          <TextLine ID="eSc_line_9b1920bf"
                    TAGREFS="LT8"
                    BASELINE="376 4427 1665 4465 2383 4465" 
                    HPOS="372"
                    VPOS="4314"
                    WIDTH="2011"
                    HEIGHT="219">
            <Shape><Polygon POINTS="376 4427 372 4478 841 4478 892 4502 895 4502 899 4502 1077 4485 1306 4512 1309 4512 1436 4495 1613 4519 1617 4519 1620 4519 1624 4519 1647 4499 1723 4499 1801 4523 1805 4523 1808 4523 1907 4502 1945 4526 1948 4526 1952 4526 1955 4526 2225 4509 2283 4533 2287 4533 2290 4533 2294 4533 2379 4509 2383 4465 2383 4376 2304 4348 2301 4348 2297 4348 2164 4369 2119 4345 2116 4345 2112 4345 1935 4365 1894 4338 1890 4338 1887 4338 1883 4338 1767 4362 1490 4335 1487 4335 1405 4345 1381 4328 1377 4328 1374 4328 1371 4328 1282 4341 1265 4328 1265 4324 1261 4324 1258 4324 1254 4324 1251 4324 1182 4345 1032 4321 1029 4321 906 4341 827 4314 823 4314 820 4314 670 4335 376 4328 376 4427"/></Shape>
            <String CONTENT="ce que uous auez receuz ensemble un"
                    HPOS="372"
                    VPOS="4314"
                    WIDTH="2011"
                    HEIGHT="219"
                    WC="0.9743469255311149"></String>
          </TextLine>
          <TextLine ID="eSc_line_b56bc4e7"
                    TAGREFS="LT8"
                    BASELINE="369 4577 2393 4618" 
                    HPOS="365"
                    VPOS="4461"
                    WIDTH="2028"
                    HEIGHT="253">
            <Shape><Polygon POINTS="369 4577 365 4642 464 4646 533 4680 536 4680 540 4680 690 4653 800 4683 803 4683 806 4683 810 4683 813 4683 854 4656 899 4687 902 4687 906 4687 1094 4690 1097 4690 1100 4690 1186 4670 1285 4694 1288 4694 1292 4694 1504 4670 1610 4700 1613 4700 1617 4700 1836 4677 1883 4707 1887 4707 1890 4707 1894 4707 2054 4680 2386 4714 2393 4618 2386 4499 2318 4519 2212 4492 2208 4492 2205 4492 2201 4492 2150 4516 2109 4495 2106 4495 2102 4495 2099 4495 2044 4512 1904 4492 1901 4492 1774 4509 1719 4482 1716 4482 1712 4482 1548 4506 1473 4478 1470 4478 1466 4478 1213 4499 1135 4471 1131 4471 940 4468 936 4468 933 4468 929 4468 892 4492 820 4465 817 4465 813 4465 810 4465 731 4489 632 4461 629 4461 570 4461 567 4461 564 4461 560 4461 560 4465 536 4485 369 4471 369 4577"/></Shape>
            <String CONTENT="mesme baptesme, ⁊ semblables sacre¬"
                    HPOS="365"
                    VPOS="4461"
                    WIDTH="2028"
                    HEIGHT="253"
                    WC="0.9961193714823041"></String>
          </TextLine>
        </TextBlock>
        <TextBlock HPOS="1930"
                   VPOS="4651"
                   WIDTH="458"
                   HEIGHT="181"
                   ID="eSc_textblock_ca699848"
                   TAGREFS="BT17">
          <Shape><Polygon POINTS="1930 4651 1930 4832 2388 4832 2388 4651"/></Shape>
          <TextLine ID="eSc_line_b1ed97a7"
                    TAGREFS="LT8"
                    BASELINE="1989 4769 2376 4762" 
                    HPOS="1986"
                    VPOS="4659"
                    WIDTH="390"
                    HEIGHT="161">
            <Shape><Polygon POINTS="1989 4769 1989 4820 2376 4820 2376 4762 2369 4690 2065 4659 2061 4659 2058 4659 1986 4690 1989 4769"/></Shape>
            <String CONTENT="mens."
                    HPOS="1986"
                    VPOS="4659"
                    WIDTH="390"
                    HEIGHT="161"
                    WC="0.9932947397232056"></String>
          </TextLine>
        </TextBlock>
        <TextBlock HPOS="2388"
                   VPOS="962"
                   WIDTH="500"
                   HEIGHT="217"
                   ID="eSc_textblock_08f176e3"
                   TAGREFS="BT13">
          <Shape><Polygon POINTS="2388 962 2412 1179 2888 1179 2888 962"/></Shape>
          <TextLine ID="eSc_line_bc30449f"
                    TAGREFS="LT8"
                    BASELINE="2418 1096 2837 1100" 
                    HPOS="2417"
                    VPOS="967"
                    WIDTH="420"
                    HEIGHT="188">
            <Shape><Polygon POINTS="2789 1008 2810 1015 2837 1100 2830 1155 2417 1147 2419 967 2574 967 2721 984 2755 998"/></Shape>
            <String CONTENT="Matt.5."
                    HPOS="2417"
                    VPOS="967"
                    WIDTH="420"
                    HEIGHT="188"
                    WC="0.8808538147381374"></String>
          </TextLine>
        </TextBlock>
        <TextBlock HPOS="2376"
                   VPOS="1577"
                   WIDTH="506"
                   HEIGHT="296"
                   ID="eSc_textblock_33e8b90c"
                   TAGREFS="BT13">
          <Shape><Polygon POINTS="2376 1577 2376 1873 2882 1873 2882 1577"/></Shape>
          <TextLine ID="eSc_line_e56012a9"
                    TAGREFS="LT8"
                    BASELINE="2424 1679 2793 1682" 
                    HPOS="2420"
                    VPOS="1548"
                    WIDTH="369"
                    HEIGHT="169">
            <Shape><Polygon POINTS="2420 1676 2420 1717 2789 1717 2789 1676 2789 1548 2420 1548 2420 1676"/></Shape>
            <String CONTENT="Geñ.3."
                    HPOS="2420"
                    VPOS="1548"
                    WIDTH="369"
                    HEIGHT="169"
                    WC="0.999977605683463"></String>
          </TextLine>
          <TextLine ID="eSc_line_75dc000e"
                    TAGREFS="LT8"
                    BASELINE="2424 1823 2844 1825" 
                    HPOS="2420"
                    VPOS="1682"
                    WIDTH="421"
                    HEIGHT="230">
            <Shape><Polygon POINTS="2620 1682 2420 1702 2420 1820 2420 1892 2523 1912 2528 1912 2687 1882 2836 1912 2841 1820 2841 1712 2625 1682 2620 1682"/></Shape>
            <String CONTENT="Ephe.5."
                    HPOS="2420"
                    VPOS="1682"
                    WIDTH="421"
                    HEIGHT="230"
                    WC="0.9999067187309265"></String>
          </TextLine>
        </TextBlock>
        <TextBlock HPOS="2394"
                   VPOS="2915"
                   WIDTH="482"
                   HEIGHT="308"
                   ID="eSc_textblock_f18ca04e"
                   TAGREFS="BT13">
          <Shape><Polygon POINTS="2394 2915 2394 3223 2876 3223 2876 2915"/></Shape>
          <TextLine ID="eSc_line_1e4fe994"
                    TAGREFS="LT8"
                    BASELINE="2431 3017 2526 3029 2827 3029" 
                    HPOS="2425"
                    VPOS="2887"
                    WIDTH="400"
                    HEIGHT="190">
            <Shape><Polygon POINTS="2430 3015 2425 3077 2820 3077 2825 3025 2820 2902 2430 2887 2430 3015"/></Shape>
            <String CONTENT="Ephe.5."
                    HPOS="2425"
                    VPOS="2887"
                    WIDTH="400"
                    HEIGHT="190"
                    WC="0.9999957425253732"></String>
          </TextLine>
          <TextLine ID="eSc_line_a50770af"
                    TAGREFS="LT8"
                    BASELINE="2431 3151 2827 3162" 
                    HPOS="2425"
                    VPOS="3056"
                    WIDTH="400"
                    HEIGHT="262">
            <Shape><Polygon POINTS="2430 3148 2425 3282 2666 3318 2672 3318 2677 3318 2682 3318 2733 3277 2820 3277 2825 3159 2820 3066 2430 3056 2430 3148"/></Shape>
            <String CONTENT="Colos.3"
                    HPOS="2425"
                    VPOS="3056"
                    WIDTH="400"
                    HEIGHT="262"
                    WC="0.9990744420460292"></String>
          </TextLine>
        </TextBlock>
      </PrintSpace>
    </Page>
  </Layout>
</alto>
