4267 6200
2419 620 200 234 253

1006 609 906 200 Chapitre .xxx.

379 757 2044 214 uans auec une bonne uolunte/ cõe au

382 905 2016 214 Seigñr Dieu ⁊ non point cõme aux

386 1054 2023 203 hões sachãs quun chascũ recepura du

382 1191 2044 224 Seigñr Dieu tout le biẽ qͥl aura faict

389 1346 2013 221 soit serf/ ou franc. Et de rechief aux

367 1493 2048 227 Colossenses. Seruiteurs (dit il) obeis¬

379 1643 2019 217 sez en toutes choses a uoz Seigneurs

368 1784 2044 220 charnelz: non point seruãs a loiel cõe

365 1935 2033 217 uoulans cõplaire aux hões/ mais en

351 2073 2044 221 simplesse de coeur/ craingnans le Sei

344 2225 2051 217 gneur Dieu. Faicte tout ce q̃ uoꝰ fai¬

344 2373 2061 203 ctes dun bon courage/ cõe au Seigñr

351 2500 2054 217 Dieu/ ⁊ non point cõe aux hões. Sa¬

351 2641 2061 224 chans q̃ uoꝰ recepurez du Seigͬ dieu

348 2810 2064 203 retribution de lheritage/ seruez au sei¬

355 2931 2061 227 gneur Iesu Christ/ Car qͥ faict tort/ il

351 3079 2048 232 recepura ce qͥ laura faict iniustement.

348 3230 2040 217 Et il ny a nulle distinction de person¬

341 3379 2027 222 ne deuãt Dieu. Et S. Pierre en sa p̃¬

348 3523 2023 221 miere Epistre dit. Seruiteurs/ soyez

351 3675 2016 224 subiectz en toute crainte a uoz Sei¬

344 3819 2034 228 gñrs/ non seulemẽt aux bons ⁊ mode

337 3964 2037 231 stes: mais aussi aux paoures/ ⁊ diffici

323 4116 2048 227 les. Pourtãt tu auras en toutes cho¬

327 4260 2047 228 ses/ et en toutes tes besongnes Dieu

330 4405 2030 248 deuant les oeilz/ ⁊ point les hões aus¬

2030 4615 320 217 quelz

2425 1524 414 222 Colos.3.

2384 3430 310 212 Pet.2.
