4267 6400
2496 741 218 261 15

1056 711 867 209 Chapitre. 1.

451 860 2109 249 nous signifiõs que uoulons mourir

444 1031 2080 220 auec Christ/ de la mort duq̃l le baptes¬

451 1159 2077 259 me a sa uertu ⁊ puissance. Nous signi

458 1308 2066 256 fiõs (dy ie) q̃ uoulons mourir quãt

440 1457 2081 260 a la uie passee/ aux pechez ⁊ mauuai¬

433 1610 2077 260 ses concupiscences/ ⁊ que (comme dit

405 1749 2085 267 sainct Paul) nous uoulons chemi¬

394 1891 2084 270 ner/ en une nouuelle uie. Et pourtãt

394 2044 2077 267 sommes nous plongez soubz leaue:

398 2211 2080 249 affin que nous soyons icy mors ⁊ en¬

401 2350 2045 277 sepuelyz/ cõe escript sainct Paul aux

384 2501 2042 267 Romauns Freres (dit il) estimez que

387 2648 2055 271 uoꝰ estes mors a peche/ mais uiuans

369 2791 2070 288 a Dieu par Iesꝰ Christ. Et aux Co¬

357 2938 2069 283 lossenses. Uous estes ensepuelyz auec

355 3100 2073 260 Christ/ par le baptesme en la mort.

362 3237 2054 293 Tellement que ne uiurons point se¬

355 3392 2070 284 lon la uie du mõde/ ne selon la uie de

352 3544 2055 281 la chair/ mais uiurons cõme enfans

352 3694 2051 281 de Dieu/ ⁊ nr̃e uie sera cachee deuant

330 3847 2045 281 le mõde/ ⁊ couuerte aupres de Dieu/

325 4005 2027 267 cõme escript sainct Paul/ disant: Si

320 4117 2032 315 uous estes mortifiez ⁊ uostre uie est

302 4302 2051 277 cachee auec Iesus Christ en Dieu/ en

295 4444 2062 292 q̃lconq̃ temps que Iesus Christ/ qͥ est

280 4604 2070 309 nostre uie, sera manifeste/ alors aussi

1984 4842 355 178 uous

2496 1840 389 234 Rom.6.

2453 2565 411 240 Rom.6.

2448 3024 346 197 Col.2.

2378 4037 336 251 Col.3.
