4267 6633
1555 596 215 421 138

2382 663 922 214 Des moines.

1773 843 2151 218 et leur reigle a este aggrauee par pro¬

1781 1002 2150 210 fessions et promesses, et ont faict plu¬

1773 1157 2158 213 sieurs statutz/ selon lesquelz ilz pour¬

1781 1315 2154 203 royent uiure. Car lesprit uoluntaire

1782 1481 1887 177 estoyt tout refroidy/ et estainct.

1843 1617 2077 207 Apres ce est uenue la, quarte secte

1792 1776 2132 199 de moines, cõe Norbertus S. Domi¬

1762 1941 2150 199 nique S. Frãcoys. Et de ceux icy sõt

1773 2082 2132 210 uenuz plusieurs sectes, cõe les obser¬

1766 2244 2146 195 uantz, freres mineurs, Collectes et

1755 2391 2157 206 Martinieux. S. Dominiq̃ a este aussi

1766 2538 2143 188 fertil cõme S. Frãcoys. Et ainsi sont

1759 2686 2139 203 les cloistres/ ⁊ moines multipliez sãs

1755 2837 2150 214 nombre. Mais dautant que le nõbre

1766 2992 2128 210 des moines, ⁊ des nonnes a este plus¬

1759 3143 2113 210 grand: dautant est amoindrie la uer¬

1762 3290 2106 221 tu ⁊ charite. Car ilz ont cõmence a fai

1751 3441 2117 207 re diuisions, ⁊ parties lun parmy lau

1755 3603 2124 203 tre, pour scauoir lesquelz estoyent les

1751 3751 2121 214 plꝰ sainctz, ⁊ meillieurs, la reigle des¬

1751 3906 2110 213 quelz estoit la plus saĩcte, ⁊ plusieurs

1748 4060 2076 199 autres follies. Et iasoit quilz soyent

1759 4200 2069 222 uestuz dhabitz de brebis, si sont il

1755 4363 2054 202 neãtmoins loups rauissans, tachans

1759 4514 2047 206 deuorer lun lautre, ambitieux, auari¬

1766 4668 2040 233 cieux, ⁊ les plus enuyeux du monde.

3422 4838 347 225 Apres
