4267 6200
2354 530 275 189 21

927 523 1016 193 Chapitre .xxuii.

341 675 2071 213 luy faict/ mais seuffre tout en patiẽce/

351 831 2038 186 cõe dit S. Paul. Maintenãt est certes

351 974 2061 217 peche du tout en uous/ pour ce q̃ uous

355 1126 2057 196 auez estrifz ⁊ ꝓces entre uous ensem¬

355 1274 2064 203 ble. Poͬ quoy ne souffrez uoꝰ plustost

348 1429 2061 196 iniure? Pourquoy ne recepuez uous

348 1574 2068 196 plustost dõmage? Mais il appartient

348 1715 2054 200 aux iusticiers de ueiller diligẽment si

344 1866 2061 197 on ne faict a nully tort/ sans ce quõ se

337 2008 2068 193 uiẽne plaindre/ ⁊ ce seulemẽt ꝑ chari¬

330 2170 2079 175 te/ rien q̃rãs fors le repoz de leur frere

330 2297 2086 196 Chrestiẽ/ auq̃l on faict iniure/ ⁊ mole¬

341 2442 2075 189 ste. Car le prophete Esa. redargue sin

351 2586 2072 197 gulieremẽt les princes/ ⁊ iuges/ quen

344 2724 2082 200 leur iugemẽs/ ⁊ sentẽces prennent re¬

351 2862 2065 217 gard aux richesses/ q̃rãs leͬ ꝓpre ꝓuf

355 3020 2071 200 fit/ ou portãs faueur a leurs amys/ di

362 3156 2012 207 sant ainsi. Tes princes sõt desleaux/

358 3306 2030 207 racines des larrõs. Ilz aymẽ toꝰ dõs/

361 3454 2058 197 et suyuẽt tribulations. Ilz ne dõnent

375 3606 2044 193 point iugemẽt poͬ lorphelin/ ⁊ la cau

372 3751 2030 192 se de la uefue ne uiẽt point a eux. Ilz

365 3902 2051 190 doibuent aussi expedier la cause aussi

358 4043 2058 200 briefuemẽt qͥl est au monde possible/ ⁊

365 4188 2068 203 admõnester les ꝑties dappoincter fra

372 4346 2061 197 ternellemẽt lun auec lautre/ leͬ remon

1747 4488 686 196 O strans

2410 847 320 186 1.cor.6.

2420 3156 326 228 Esa.1.
