4267 6238
1833 530 267 218 Ib¬

2658 540 1043 205 De faire moines.

2055 665 2118 301 enfans/ et ne seront trompez par telz

2071 842 2081 254 singes embabuynes: car dautãt quis

2065 998 2103 259 semblent estre sainctz/ dautãt sont lz

2055 1164 2094 246 mauuais ⁊ hypocrites rempliz de trõ/

2052 1316 2090 236 perie: pourtant se garderont de les

2045 1465 2097 255 mettre mais plustost les en retireront

2045 1621 2090 236 si sont saiges. Ie demande, com/

2031 1770 2093 243 ment faisoit on deuant quon sceust qͥ

2031 1937 2083 228 parler des moines? Et pourquoy ne¬

2031 2079 2073 232 stoyent point moines les Apostres?

2027 2228 2052 239 Deuant Dieu il nest nulle distindiõ

2003 2375 2061 229 (comme dit S. Paul) ne dhomme/ ne

2010 2515 2062 253 de fẽme/ ne de noble ou ignoble: mais

2006 2668 2070 263 celuy seul est aggreable a Dieu qͥ lay¬

2003 2817 2066 250 me de bon coeur. Et (cõe dit S. Pier/

2008 2973 2071 255 re/ ⁊ S. Paul) Dieu nest point acce¬

2000 3115 2062 253 pteur de ꝑsonne. Et en ce sont sou¬

1989 3271 2066 239 uentesfoys fort coulpables les reli¬

1979 3430 2059 243 gieux, qͥ par belles parolles attrayẽt

1965 3576 2076 249 les iouuẽceaux en leurs cloistres. Les

1958 3722 2045 252 enfãs en sont aucunesfoys mesme cau

1944 3871 2049 256 se. Car ilz uoyent les religieux chan¬

1923 4026 2032 247 ter/ lire/ prier ueiller/ ployer genouy/

1934 4172 2045 256 abaisser la teste/ ⁊ faire plusieurs cho¬

1934 4335 2010 236 ses semblables/ ⁊ ilz estiment que fai¬

1916 4480 2025 260 re telles choses soit une saincte uie/ et

3525 4716 405 222 Asquie¬

1561 2360 416 213 Gala.1.

1628 2916 365 197 Act.10.

1539 3077 422 180 Rom̃.2.

1556 3222 374 188 Colos.
