4267 6154
2292 512 303 282 177

1008 547 923 208 Chapitre .xxii.

324 714 2035 212 Et laimera cõme son propre corps/ ⁊

328 882 2034 188 lhonnonrera ⁊ craindra cõme son sei¬

338 1018 2021 209 gneur. Car Sarra estoit ainsi subiecte

341 1165 2007 212 a son mary Abraham/ ⁊ elle lappelloit

359 1323 1964 200 son seigneur cõme escript S. Pierre.

341 1480 1997 184 Ainsi saisoit Monica la mere de S.

335 1613 1996 199 Augustin/ laquelle honnoroit aussi en

335 1764 2020 201 ceste maniere son mary. Et quand il

328 1924 2034 185 estoit courouce ou yure elle ne le tan¬

321 2065 2034 181 coit point: mais apres que cela estoit

321 2208 2041 181 passe elle ladmonestoit par doulce pa

314 2365 2051 175 rolles. Ainsi doibuẽt faire toutes bon

307 2499 2058 181 nes femmes. Ainsi ne doibt estre en le

331 2632 2045 195 stat de mariage nulle amour sensuel¬

317 2779 2066 195 le ou charnelle/ mais une amour di¬

317 2923 2069 208 uine ⁊ spirituelle. Et alors ayderont

328 3077 2048 198 lhomme ⁊ la femme lun lautre pour

338 3217 2014 198 gaigner les despens. Et la fẽme poͬ¬

338 3367 2041 198 tera le soing de ce quil faudra faire de

352 3524 2024 182 dans le mesnage/ ⁊ lhõme dehors: car

359 3658 2017 201 une telle uie est fort aggreable a dieu

348 3805 2021 200 cõme il est escript en Lecclesiasticque

345 3955 2034 192 en ceste maniere: En trois choses a eu

348 4106 2041 194 plaisance mon esprit/ lesquelles sont

345 4256 2038 191 approuuees deuãt dieu/ ⁊ les hõmes.

355 4400 2041 229 La concorde des freres/ ⁊ lamour du

1798 4547 591 215 M pro¬

2338 1282 303 246 1.P.3.

2395 3774 379 241 Eccl.25.
