<?xml version="1.0" encoding="UTF-8"?>
<alto xmlns:xsi="http://www.w3.org/2001/XMLSchema-instance"
      xmlns="http://www.loc.gov/standards/alto/ns-v4#"
      xsi:schemaLocation="http://www.loc.gov/standards/alto/ns-v4# http://www.loc.gov/standards/alto/v4/alto-4-2.xsd">
  <Description>
    <MeasurementUnit>pixel</MeasurementUnit>
    <sourceImageInformation>
      <fileName>La_somme_de_lescripture_saincte_...Luther_Martin_bpt6k328613m.pdf_page_78.png</fileName>
      <fileIdentifier>pdf//La_somme_de_lescripture_saincte_...Luther_Martin_bpt6k328613m.pdf</fileIdentifier>
    </sourceImageInformation>
  </Description>
  <Tags>
    <OtherTag ID="BT7" LABEL="CustomZone" DESCRIPTION="block type CustomZone"/><OtherTag ID="BT8" LABEL="DamageZone" DESCRIPTION="block type DamageZone"/><OtherTag ID="BT9" LABEL="DigitizationArtefactZone" DESCRIPTION="block type DigitizationArtefactZone"/><OtherTag ID="BT10" LABEL="DropCapitalZone" DESCRIPTION="block type DropCapitalZone"/><OtherTag ID="BT11" LABEL="GraphicZone" DESCRIPTION="block type GraphicZone"/><OtherTag ID="BT12" LABEL="MainZone" DESCRIPTION="block type MainZone"/><OtherTag ID="BT13" LABEL="MarginTextZone" DESCRIPTION="block type MarginTextZone"/><OtherTag ID="BT14" LABEL="MusicZone" DESCRIPTION="block type MusicZone"/><OtherTag ID="BT15" LABEL="NumberingZone" DESCRIPTION="block type NumberingZone"/><OtherTag ID="BT17" LABEL="QuireMarksZone" DESCRIPTION="block type QuireMarksZone"/><OtherTag ID="BT18" LABEL="RunningTitleZone" DESCRIPTION="block type RunningTitleZone"/><OtherTag ID="BT19" LABEL="SealZone" DESCRIPTION="block type SealZone"/><OtherTag ID="BT20" LABEL="StampZone" DESCRIPTION="block type StampZone"/><OtherTag ID="BT21" LABEL="TableZone" DESCRIPTION="block type TableZone"/><OtherTag ID="BT22" LABEL="TitlePageZone" DESCRIPTION="block type TitlePageZone"/><OtherTag ID="BT3120" LABEL="text" DESCRIPTION="block type text"/>
    <OtherTag ID="LT7" LABEL="CustomLine" DESCRIPTION="line type CustomLine"/><OtherTag ID="LT8" LABEL="DefaultLine" DESCRIPTION="line type DefaultLine"/><OtherTag ID="LT9" LABEL="DropCapitalLine" DESCRIPTION="line type DropCapitalLine"/><OtherTag ID="LT10" LABEL="HeadingLine" DESCRIPTION="line type HeadingLine"/><OtherTag ID="LT11" LABEL="InterlinearLine" DESCRIPTION="line type InterlinearLine"/><OtherTag ID="LT12" LABEL="MusicLine" DESCRIPTION="line type MusicLine"/><OtherTag ID="LT958" LABEL="default" DESCRIPTION="line type default"/>
  </Tags>
  <Layout>
    <Page WIDTH="4267"
          HEIGHT="6461"
          PHYSICAL_IMG_NR="77"
          ID="eSc_dummypage_">
      <PrintSpace HPOS="0"
                  VPOS="0"
                  WIDTH="4267"
                  HEIGHT="6461">
        <TextBlock HPOS="1526"
                   VPOS="709"
                   WIDTH="313"
                   HEIGHT="193"
                   ID="eSc_textblock_31726a7c"
                   TAGREFS="BT15">
          <Shape><Polygon POINTS="1526 709 1526 902 1839 902 1839 709"/></Shape>
          <TextLine ID="eSc_line_8562209e"
                    TAGREFS="LT8"
                    BASELINE="1578 849 1805 849" 
                    HPOS="1573"
                    VPOS="651"
                    WIDTH="231"
                    HEIGHT="301">
            <Shape><Polygon POINTS="1573 845 1573 952 1804 936 1804 845 1788 651 1697 705 1573 705 1573 845"/></Shape>
            <String CONTENT="74"
                    HPOS="1573"
                    VPOS="651"
                    WIDTH="231"
                    HEIGHT="301"
                    WC="0.9999878406524658"></String>
          </TextLine>
        </TextBlock>
        <TextBlock HPOS="2514"
                   VPOS="679"
                   WIDTH="766"
                   HEIGHT="193"
                   ID="eSc_textblock_3b7a0c6a"
                   TAGREFS="BT18">
          <Shape><Polygon POINTS="2514 679 2514 872 3280 872 3280 679"/></Shape>
          <TextLine ID="eSc_line_ddc9f23d"
                    TAGREFS="LT10"
                    BASELINE="2582 832 3225 825" 
                    HPOS="2578"
                    VPOS="703"
                    WIDTH="647"
                    HEIGHT="201">
            <Shape><Polygon POINTS="3189 739 3153 714 3135 714 3117 714 3081 714 3045 714 3009 714 2973 710 2938 710 2902 710 2866 710 2841 710 2794 721 2780 707 2758 707 2722 707 2686 707 2650 707 2614 707 2596 703 2578 717 2582 832 2582 886 3139 904 3142 904 3146 904 3225 872 3225 825 3200 750 3189 739"/></Shape>
            <String CONTENT="De grace."
                    HPOS="2578"
                    VPOS="703"
                    WIDTH="647"
                    HEIGHT="201"
                    WC="0.9998440212673612"></String>
          </TextLine>
        </TextBlock>
        <TextBlock HPOS="1713"
                   VPOS="909"
                   WIDTH="2277"
                   HEIGHT="4007"
                   ID="eSc_textblock_ccc0c1bf"
                   TAGREFS="BT12">
          <Shape><Polygon POINTS="1761 909 1713 4916 3882 4892 3990 927"/></Shape>
          <TextLine ID="eSc_line_4484cc0c"
                    TAGREFS="LT8"
                    BASELINE="1813 1026 3232 1026 3954 1048" 
                    HPOS="1810"
                    VPOS="868"
                    WIDTH="2144"
                    HEIGHT="223">
            <Shape><Polygon POINTS="3897 915 3861 915 3825 911 3789 911 3753 908 3717 908 3713 908 3710 904 3681 904 3645 904 3620 900 3613 908 3494 908 3383 890 3358 890 3351 883 3297 875 3293 875 3139 900 3081 875 3078 875 3074 875 2920 900 2528 872 2316 872 2313 872 2309 872 2241 893 2187 872 2183 872 2180 872 2176 872 2111 893 1928 868 1925 868 1813 883 1813 1026 1810 1062 1842 1080 1846 1080 1849 1080 1853 1080 2119 1058 2216 1084 2219 1084 2223 1084 2366 1062 2474 1084 2478 1084 2704 1062 2876 1087 2880 1087 2995 1066 3236 1066 3275 1087 3279 1087 3282 1087 3286 1087 3290 1087 3351 1069 3397 1091 3401 1091 3404 1091 3509 1073 3537 1091 3541 1091 3545 1091 3548 1091 3950 1076 3954 1048 3929 929 3897 915"/></Shape>
            <String CONTENT="ures il sera sauue/ quil ne faict que les"
                    HPOS="1810"
                    VPOS="868"
                    WIDTH="2144"
                    HEIGHT="223"
                    WC="0.9941346078384213"></String>
          </TextLine>
          <TextLine ID="eSc_line_bf288862"
                    TAGREFS="LT8"
                    BASELINE="1810 1184 2780 1177 3954 1198" 
                    HPOS="1806"
                    VPOS="1040"
                    WIDTH="2148"
                    HEIGHT="187">
            <Shape><Polygon POINTS="1810 1184 1806 1216 3947 1227 3954 1198 3950 1080 3570 1080 3541 1055 3541 1051 3537 1051 3534 1051 3530 1051 3369 1073 3336 1048 3333 1048 3329 1048 3325 1048 3099 1062 2959 1044 2956 1044 2952 1044 2891 1069 2859 1048 2855 1048 2851 1048 2848 1048 2844 1048 2787 1069 2754 1044 2751 1044 2747 1044 2744 1044 2489 1062 2345 1040 2341 1040 2338 1040 2241 1066 2212 1044 2212 1040 2208 1040 2205 1040 2201 1040 2011 1058 1810 1044 1810 1184"/></Shape>
            <String CONTENT="parolles de dieu/ ⁊ ce quelles promet¬"
                    HPOS="1806"
                    VPOS="1040"
                    WIDTH="2148"
                    HEIGHT="187"
                    WC="0.9931979571518145"></String>
          </TextLine>
          <TextLine ID="eSc_line_e7cb9f16"
                    TAGREFS="LT8"
                    BASELINE="1803 1324 3293 1331 3943 1349" 
                    HPOS="1799"
                    VPOS="1188"
                    WIDTH="2144"
                    HEIGHT="208">
            <Shape><Polygon POINTS="1803 1324 1799 1374 2061 1360 2305 1385 2309 1385 2553 1363 2898 1389 2902 1389 2905 1389 2909 1389 2909 1385 2930 1367 3088 1367 3232 1392 3236 1392 3415 1371 3448 1392 3451 1392 3455 1392 3889 1396 3893 1396 3897 1396 3940 1371 3943 1349 3940 1231 3695 1227 3649 1202 3645 1202 3642 1202 3476 1224 3451 1202 3451 1198 3448 1198 3444 1198 3175 1198 3171 1198 3167 1198 3096 1224 3031 1195 3027 1195 3024 1195 2672 1220 2528 1191 2525 1191 2392 1209 2244 1188 2241 1188 2237 1188 2137 1213 2014 1195 2011 1195 1803 1209 1803 1324"/></Shape>
            <String CONTENT="tent nauiendront point. Cõme escript"
                    HPOS="1799"
                    VPOS="1188"
                    WIDTH="2144"
                    HEIGHT="208"
                    WC="0.9842520243412739"></String>
          </TextLine>
          <TextLine ID="eSc_line_204261ac"
                    TAGREFS="LT8"
                    BASELINE="1799 1496 1982 1482 3950 1496" 
                    HPOS="1795"
                    VPOS="1342"
                    WIDTH="2155"
                    HEIGHT="205">
            <Shape><Polygon POINTS="1799 1496 1795 1525 2144 1518 2165 1536 2169 1536 2173 1536 2176 1536 2298 1521 2388 1539 2392 1539 2395 1539 2399 1539 2428 1521 2471 1539 2474 1539 2478 1539 2481 1539 2485 1539 2485 1536 2503 1521 2747 1521 3078 1543 3081 1543 3351 1525 3401 1547 3404 1547 3408 1547 3710 1529 3943 1547 3950 1496 3947 1378 3713 1378 3685 1353 3681 1353 3677 1353 3674 1353 3670 1353 3667 1353 3631 1374 3588 1353 3584 1353 3580 1353 3458 1374 3311 1349 3308 1349 3304 1349 3261 1371 2920 1349 2916 1349 2912 1349 2859 1371 2823 1346 2819 1346 2815 1346 2377 1346 2374 1346 2370 1346 2366 1346 2341 1367 2208 1342 2205 1342 1910 1363 1867 1342 1864 1342 1860 1342 1856 1342 1799 1360 1799 1496"/></Shape>
            <String CONTENT="sainct Paul de Abraham/ lequel croyt"
                    HPOS="1795"
                    VPOS="1342"
                    WIDTH="2155"
                    HEIGHT="205"
                    WC="0.995914316839642"></String>
          </TextLine>
          <TextLine ID="eSc_line_65b7f3d0"
                    TAGREFS="LT8"
                    BASELINE="1792 1633 3947 1647" 
                    HPOS="1788"
                    VPOS="1496"
                    WIDTH="2159"
                    HEIGHT="208">
            <Shape><Polygon POINTS="1792 1633 1788 1676 1993 1694 1997 1694 2108 1672 2187 1694 2190 1694 2194 1694 2198 1694 2201 1694 2237 1672 2327 1697 2331 1697 2334 1701 2532 1701 2532 1697 2535 1697 2539 1697 2539 1694 2560 1676 2632 1697 2636 1697 2639 1697 2643 1697 2715 1676 2769 1694 2772 1694 2776 1694 2780 1694 2783 1694 2808 1676 2844 1694 2848 1694 2851 1694 3035 1679 3063 1701 3067 1701 3070 1701 3074 1701 3203 1679 3268 1679 3290 1697 3290 1701 3293 1701 3297 1701 3300 1701 3304 1701 3361 1679 3545 1701 3548 1701 3552 1701 3627 1683 3674 1704 3677 1704 3681 1704 3943 1679 3947 1647 3947 1521 3692 1507 3688 1507 3685 1507 3606 1525 3498 1507 3494 1507 3491 1507 3412 1525 3293 1503 3290 1503 3286 1503 3211 1521 3164 1503 3160 1503 3157 1503 2959 1521 2930 1503 2927 1503 2923 1503 2920 1503 2837 1518 2812 1500 2808 1500 2805 1500 2575 1500 2571 1500 2334 1518 2259 1496 2255 1496 2252 1496 2248 1496 2244 1496 2216 1514 1867 1496 1864 1496 1860 1496 1792 1514 1792 1633"/></Shape>
            <String CONTENT="mieulx que sa femme (laquelle estoit"
                    HPOS="1788"
                    VPOS="1496"
                    WIDTH="2159"
                    HEIGHT="208"
                    WC="0.9864155749479929"></String>
          </TextLine>
          <TextLine ID="eSc_line_2a8b7b02"
                    TAGREFS="LT8"
                    BASELINE="1788 1794 3947 1801" 
                    HPOS="1785"
                    VPOS="1658"
                    WIDTH="2162"
                    HEIGHT="190">
            <Shape><Polygon POINTS="1788 1794 1785 1837 2043 1827 2137 1844 2140 1844 2144 1844 2176 1827 2194 1844 2198 1844 2201 1844 2205 1848 2356 1848 2356 1844 2496 1827 2661 1844 2665 1844 2668 1844 2700 1827 2715 1841 2715 1844 2718 1844 2722 1844 2726 1844 3559 1830 3685 1848 3688 1848 3692 1848 3731 1830 3940 1848 3947 1801 3943 1683 3476 1661 3473 1661 3469 1661 3466 1661 3440 1683 3193 1683 3146 1661 3142 1661 3139 1661 3009 1679 2945 1661 2941 1661 2938 1661 2934 1661 2891 1679 2841 1658 2837 1658 2833 1658 2269 1676 2216 1658 2212 1658 2208 1658 2205 1658 2158 1676 2086 1658 2083 1658 2079 1658 1964 1676 1788 1658 1788 1794"/></Shape>
            <String CONTENT="sterille ⁊ hors aage de generatiõ) con"
                    HPOS="1785"
                    VPOS="1658"
                    WIDTH="2162"
                    HEIGHT="190"
                    WC="0.9905157119799883"></String>
          </TextLine>
          <TextLine ID="eSc_line_328f93cd"
                    TAGREFS="LT8"
                    BASELINE="1792 1945 3943 1956" 
                    HPOS="1788"
                    VPOS="1809"
                    WIDTH="2155"
                    HEIGHT="201">
            <Shape><Polygon POINTS="1792 1945 1788 1974 1871 2002 1874 2002 1878 2006 2133 2006 2133 2002 2137 2002 2183 1977 2507 2006 2510 2006 2514 2006 2564 1981 2625 2006 2629 2006 2632 2006 2862 1999 2866 1999 2869 1999 2887 1981 2959 2006 2963 2006 2966 2006 3092 1981 3437 1984 3462 2010 3466 2010 3469 2010 3473 2010 3476 2010 3563 1984 3613 2010 3616 2010 3620 2010 3940 1988 3943 1956 3940 1837 3444 1816 3440 1816 3437 1816 3404 1834 3369 1816 3365 1816 3361 1816 3358 1816 3282 1834 3228 1812 3225 1812 3221 1812 3063 1830 2636 1812 2632 1812 2629 1812 2589 1830 2510 1809 2507 1809 2503 1809 2363 1827 2076 1809 2072 1809 1792 1823 1792 1945"/></Shape>
            <String CONTENT="cepuroyt un ẽfant qui ne croit que la"
                    HPOS="1788"
                    VPOS="1809"
                    WIDTH="2155"
                    HEIGHT="201"
                    WC="0.9828432814071053"></String>
          </TextLine>
          <TextLine ID="eSc_line_3e4a121c"
                    TAGREFS="LT8"
                    BASELINE="1777 2107 3932 2099" 
                    HPOS="1774"
                    VPOS="1963"
                    WIDTH="2158"
                    HEIGHT="194">
            <Shape><Polygon POINTS="1777 2107 1781 2157 1853 2135 2119 2135 2162 2153 2165 2153 2169 2153 2266 2135 2973 2150 2977 2150 2981 2150 2984 2150 2984 2146 3002 2132 3088 2150 3092 2150 3354 2132 3925 2150 3932 2099 3925 1981 3796 1963 3792 1963 3789 1963 3785 1963 3749 1988 3437 1988 3412 1963 3408 1963 3404 1963 3282 1963 3279 1963 3135 1984 3081 1963 3078 1963 3074 1963 3070 1963 2984 1984 2938 1963 2934 1963 2930 1963 2797 1992 2467 1992 2374 1967 2370 1967 2366 1967 2363 1967 2313 1984 2273 1967 2269 1967 2266 1967 1774 1981 1777 2107"/></Shape>
            <String CONTENT="promesse de dieu ne fut accomplie. Et"
                    HPOS="1774"
                    VPOS="1963"
                    WIDTH="2158"
                    HEIGHT="194"
                    WC="0.9993207245259672"></String>
          </TextLine>
          <TextLine ID="eSc_line_a2c3a913"
                    TAGREFS="LT8"
                    BASELINE="1777 2254 3936 2261" 
                    HPOS="1774"
                    VPOS="2128"
                    WIDTH="2162"
                    HEIGHT="172">
            <Shape><Polygon POINTS="1777 2254 1774 2300 3932 2300 3936 2261 3929 2128 1777 2132 1777 2254"/></Shape>
            <String CONTENT="par ceste foy a Abrahã este repute iuste"
                    HPOS="1774"
                    VPOS="2128"
                    WIDTH="2162"
                    HEIGHT="172"
                    WC="0.9997384228357454"></String>
          </TextLine>
          <TextLine ID="eSc_line_3afd041d"
                    TAGREFS="LT8"
                    BASELINE="1774 2397 3925 2404" 
                    HPOS="1770"
                    VPOS="2272"
                    WIDTH="2155"
                    HEIGHT="190">
            <Shape><Polygon POINTS="1774 2397 1770 2430 1993 2455 1997 2455 2115 2437 2208 2458 2212 2458 2216 2458 2356 2437 2413 2458 2417 2458 2420 2458 2586 2437 2629 2458 2632 2458 2636 2458 3038 2440 3060 2458 3060 2462 3063 2462 3067 2462 3070 2462 3922 2444 3925 2404 3918 2290 2413 2293 2395 2279 2395 2275 2392 2275 2388 2275 2244 2275 2241 2275 2018 2293 1774 2272 1774 2397"/></Shape>
            <String CONTENT="deuant Dieu/ ⁊ point par ses bonnes"
                    HPOS="1770"
                    VPOS="2272"
                    WIDTH="2155"
                    HEIGHT="190"
                    WC="0.9988758359636579"></String>
          </TextLine>
          <TextLine ID="eSc_line_748eef2a"
                    TAGREFS="LT8"
                    BASELINE="1767 2548 3922 2562" 
                    HPOS="1763"
                    VPOS="2415"
                    WIDTH="2159"
                    HEIGHT="201">
            <Shape><Polygon POINTS="1767 2548 1763 2580 1910 2605 1914 2605 2176 2587 2305 2609 2309 2609 2787 2591 3915 2616 3922 2562 3915 2433 2722 2437 2679 2419 2675 2419 2672 2419 2352 2437 1871 2415 1867 2415 1767 2433 1767 2548"/></Shape>
            <String CONTENT="oeuures. Ainsi fault il que lhõe Chre¬"
                    HPOS="1763"
                    VPOS="2415"
                    WIDTH="2159"
                    HEIGHT="201"
                    WC="0.9999596048624088"></String>
          </TextLine>
          <TextLine ID="eSc_line_e0b857a2"
                    TAGREFS="LT8"
                    BASELINE="1774 2706 3925 2717" 
                    HPOS="1770"
                    VPOS="2573"
                    WIDTH="2155"
                    HEIGHT="194">
            <Shape><Polygon POINTS="1774 2706 1770 2753 1946 2738 2216 2756 2219 2756 2356 2735 2489 2763 2492 2763 2614 2738 2715 2763 2718 2763 2722 2763 2851 2738 3132 2738 3203 2767 3207 2767 3211 2767 3361 2745 3857 2763 3861 2763 3864 2763 3922 2738 3925 2717 3922 2602 3408 2580 3404 2580 3401 2580 3358 2598 3254 2580 3250 2580 3246 2580 3207 2598 3099 2577 3096 2577 3092 2577 3088 2577 3063 2595 2934 2577 2930 2577 2927 2577 2923 2577 2898 2598 2535 2598 2485 2573 2481 2573 2478 2573 2474 2573 2413 2591 2395 2573 2392 2573 2388 2573 2384 2573 2381 2573 2323 2591 2151 2573 2147 2573 1774 2587 1774 2706"/></Shape>
            <String CONTENT="stien face/ iasoit que ce luy semble im¬"
                    HPOS="1770"
                    VPOS="2573"
                    WIDTH="2155"
                    HEIGHT="194"
                    WC="0.9900931105017662"></String>
          </TextLine>
          <TextLine ID="eSc_line_a29bc448"
                    TAGREFS="LT8"
                    BASELINE="1774 2846 3911 2867" 
                    HPOS="1770"
                    VPOS="2717"
                    WIDTH="2141"
                    HEIGHT="204">
            <Shape><Polygon POINTS="1774 2846 1770 2893 1853 2882 1878 2903 1882 2903 1885 2903 1889 2907 1993 2907 1993 2903 2126 2882 2190 2907 2194 2907 2198 2907 2201 2907 2287 2885 2363 2907 2366 2907 2370 2907 2374 2907 2420 2885 2532 2885 2586 2911 2589 2911 2593 2911 2700 2889 2920 2914 2923 2914 3085 2893 3351 2918 3354 2918 3505 2896 3598 2921 3602 2921 3606 2921 3907 2907 3911 2867 3911 2756 3832 2731 3828 2731 3552 2727 3329 2727 3325 2727 3322 2727 3318 2727 3318 2731 3297 2749 3132 2749 3110 2727 3110 2724 3106 2724 3103 2724 3099 2724 3096 2724 3092 2724 3060 2745 2999 2724 2995 2724 2991 2724 2841 2745 2704 2745 2675 2720 2672 2720 2668 2720 2665 2720 2517 2742 2428 2720 2424 2720 2420 2720 2309 2738 2287 2720 2287 2717 2284 2717 2280 2717 2277 2717 1774 2731 1774 2846"/></Shape>
            <String CONTENT="possible destre sauue, par ce qͥl na faict"
                    HPOS="1770"
                    VPOS="2717"
                    WIDTH="2141"
                    HEIGHT="204"
                    WC="0.9893606361888704"></String>
          </TextLine>
          <TextLine ID="eSc_line_8fe99c38"
                    TAGREFS="LT8"
                    BASELINE="1767 2997 3900 3022" 
                    HPOS="1763"
                    VPOS="2864"
                    WIDTH="2137"
                    HEIGHT="204">
            <Shape><Polygon POINTS="1767 2997 1763 3029 1788 3047 1792 3047 1795 3047 1799 3047 2036 3029 2374 3054 2377 3054 2650 3036 3839 3068 3843 3068 3846 3068 3897 3047 3900 3022 3897 2914 3774 2889 3771 2889 3767 2889 3764 2889 3735 2911 3516 2893 3512 2893 3372 2907 3354 2893 3354 2889 3351 2889 3347 2889 3343 2889 3218 2903 3074 2878 3070 2878 3067 2878 2984 2903 2912 2875 2909 2875 2905 2875 2618 2896 2492 2871 2489 2871 2388 2889 2359 2867 2356 2867 2352 2867 2349 2867 2345 2867 2273 2885 2255 2867 2252 2867 2248 2867 2244 2867 2241 2867 2198 2882 2068 2864 2065 2864 1953 2889 1864 2867 1860 2867 1856 2867 1767 2885 1767 2997"/></Shape>
            <String CONTENT="nul bien/ il sattendra neantmoins fer"
                    HPOS="1763"
                    VPOS="2864"
                    WIDTH="2137"
                    HEIGHT="204"
                    WC="0.987974646929148"></String>
          </TextLine>
          <TextLine ID="eSc_line_eea8a09d"
                    TAGREFS="LT8"
                    BASELINE="1770 3147 3897 3173" 
                    HPOS="1767"
                    VPOS="3011"
                    WIDTH="2130"
                    HEIGHT="208">
            <Shape><Polygon POINTS="1770 3147 1767 3176 1871 3198 1874 3198 2370 3187 2395 3205 2399 3205 2402 3205 2406 3205 2647 3191 2715 3208 2718 3208 2722 3208 2948 3194 2977 3212 2981 3212 2984 3212 2988 3212 3149 3198 3889 3219 3897 3173 3893 3051 3329 3051 3282 3025 3279 3025 3275 3025 2614 3036 2582 3018 2578 3018 2575 3018 2571 3018 2384 3040 2356 3018 2356 3015 2352 3015 2349 3015 2345 3015 2180 3036 2076 3011 2072 3011 2068 3011 2065 3011 2061 3011 2025 3033 1957 3011 1953 3011 1950 3011 1770 3029 1770 3147"/></Shape>
            <String CONTENT="memẽt a la bõte ⁊ misericorde de dieu"
                    HPOS="1767"
                    VPOS="3011"
                    WIDTH="2130"
                    HEIGHT="208"
                    WC="0.9811645104334905"></String>
          </TextLine>
          <TextLine ID="eSc_line_cf5b7de6"
                    TAGREFS="LT8"
                    BASELINE="1777 3305 2876 3305 3907 3327" 
                    HPOS="1777"
                    VPOS="3165"
                    WIDTH="2130"
                    HEIGHT="205">
            <Shape><Polygon POINTS="1777 3305 1777 3352 1842 3334 2546 3359 2550 3359 2553 3359 2557 3359 2589 3341 2801 3341 3900 3370 3907 3327 3907 3208 3695 3183 3692 3183 3688 3183 3645 3205 3336 3180 3333 3180 3329 3180 3325 3180 3300 3205 3207 3205 3189 3180 3185 3180 3185 3176 3182 3176 3178 3176 3175 3176 2999 3198 2970 3176 2966 3176 2963 3176 2959 3176 2740 3191 2711 3173 2708 3173 2704 3173 2700 3173 2514 3187 2399 3169 2395 3169 2111 3191 2040 3165 2036 3165 2032 3165 2029 3165 1971 3191 1777 3191 1777 3305"/></Shape>
            <String CONTENT="⁊ a ses parolles/ tellemẽt qui nen dour"
                    HPOS="1777"
                    VPOS="3165"
                    WIDTH="2130"
                    HEIGHT="205"
                    WC="0.9846088349819183"></String>
          </TextLine>
          <TextLine ID="eSc_line_d231548c"
                    TAGREFS="LT8"
                    BASELINE="1759 3445 3904 3478" 
                    HPOS="1756"
                    VPOS="3316"
                    WIDTH="2148"
                    HEIGHT="212">
            <Shape><Polygon POINTS="1759 3445 1756 3492 3897 3528 3904 3478 3904 3370 3430 3366 3311 3341 3308 3341 3304 3341 3300 3341 3272 3359 3182 3331 3178 3331 2948 3327 2945 3327 2733 3352 2654 3323 2650 3323 2647 3323 2643 3323 2571 3348 2456 3320 2453 3320 2449 3320 2445 3320 2395 3345 2234 3316 2230 3316 2226 3316 2223 3316 2183 3341 1932 3323 1928 3323 1860 3338 1838 3320 1835 3320 1831 3320 1828 3320 1824 3320 1759 3338 1759 3445"/></Shape>
            <String CONTENT="bte riẽ. Car Iesus Christ dit en sainct"
                    HPOS="1756"
                    VPOS="3316"
                    WIDTH="2148"
                    HEIGHT="212"
                    WC="0.9713953629136085"></String>
          </TextLine>
          <TextLine ID="eSc_line_1cbc14ad"
                    TAGREFS="LT8"
                    BASELINE="1782 3605 3893 3625" 
                    HPOS="1772"
                    VPOS="3456"
                    WIDTH="2117"
                    HEIGHT="205">
            <Shape><Polygon POINTS="1777 3602 1772 3645 3879 3661 3889 3623 3884 3499 3178 3467 3173 3467 2855 3494 2693 3462 2688 3462 2311 3488 2149 3456 2144 3456 1777 3478 1777 3602"/></Shape>
            <String CONTENT="Luc. Le ciel ⁊ la terre passeront: mais"
                    HPOS="1772"
                    VPOS="3456"
                    WIDTH="2117"
                    HEIGHT="205"
                    WC="0.9987510381600796"></String>
          </TextLine>
          <TextLine ID="eSc_line_dace4b36"
                    TAGREFS="LT8"
                    BASELINE="1767 3758 3879 3779" 
                    HPOS="1763"
                    VPOS="3625"
                    WIDTH="2116"
                    HEIGHT="201">
            <Shape><Polygon POINTS="1767 3758 1763 3794 2083 3808 2086 3808 2090 3808 2093 3808 2115 3790 2212 3811 2216 3811 2219 3811 2223 3811 2223 3808 2241 3794 2399 3794 2550 3815 2553 3819 2787 3819 2787 3815 2790 3815 2794 3815 2819 3797 2851 3819 2855 3819 2859 3819 2862 3819 3142 3801 3282 3822 3286 3822 3527 3804 3871 3826 3879 3779 3875 3668 3688 3643 3685 3643 3681 3643 3609 3664 3530 3639 3527 3639 3523 3639 3519 3639 3473 3661 3232 3643 3228 3643 3225 3643 3185 3661 3128 3636 3124 3636 3121 3636 3117 3636 3027 3657 2966 3636 2963 3636 2959 3636 2478 3654 2445 3628 2442 3628 2438 3628 2435 3628 2241 3650 2223 3636 2223 3632 2219 3632 2216 3632 2212 3632 2122 3650 2040 3625 2036 3625 2032 3625 1767 3643 1767 3758"/></Shape>
            <String CONTENT="mes parolles ne passerõt iamais. De"
                    HPOS="1763"
                    VPOS="3625"
                    WIDTH="2116"
                    HEIGHT="201"
                    WC="0.9952994485696157"></String>
          </TextLine>
          <TextLine ID="eSc_line_c96d8e7a"
                    TAGREFS="LT8"
                    BASELINE="1789 3904 1803 3905 3875 3926" 
                    HPOS="1783"
                    VPOS="3774"
                    WIDTH="2090"
                    HEIGHT="188">
            <Shape><Polygon POINTS="1788 3903 1783 3962 3868 3962 3873 3925 3868 3806 1788 3774 1788 3903"/></Shape>
            <String CONTENT="ceste foy escript sainct Paul aux Ro¬"
                    HPOS="1783"
                    VPOS="3774"
                    WIDTH="2090"
                    HEIGHT="188"
                    WC="0.9876929183264036"></String>
          </TextLine>
          <TextLine ID="eSc_line_1292ae4a"
                    TAGREFS="LT8"
                    BASELINE="1759 4059 3846 4081" 
                    HPOS="1756"
                    VPOS="3930"
                    WIDTH="2090"
                    HEIGHT="201">
            <Shape><Polygon POINTS="1759 4059 1756 4088 1817 4113 1821 4113 1824 4113 2076 4091 2244 4117 2248 4117 2384 4095 2406 4113 2410 4113 2413 4113 2417 4113 2629 4099 2769 4120 2772 4120 2776 4120 2855 4102 2956 4124 2959 4124 2963 4124 3035 4102 3193 4127 3196 4127 3390 4106 3839 4131 3846 4081 3839 3973 3573 3973 3509 3948 3505 3948 3501 3948 3390 3969 3315 3944 3311 3944 3225 3944 3221 3944 3218 3944 3214 3944 3182 3969 2898 3948 2894 3948 2891 3948 2887 3948 2866 3966 2805 3937 2801 3937 2797 3937 2650 3962 2571 3937 2568 3937 2564 3937 2560 3937 2557 3937 2557 3941 2532 3962 2496 3937 2492 3937 2489 3937 2485 3937 2481 3937 2424 3951 2323 3934 2320 3934 2108 3959 2036 3930 2032 3930 1935 3930 1932 3930 1928 3930 1925 3930 1885 3955 1828 3930 1824 3930 1821 3930 1817 3930 1759 3951 1759 4059"/></Shape>
            <String CONTENT="mains. Quiconq̃s inuoquera le nom"
                    HPOS="1756"
                    VPOS="3930"
                    WIDTH="2090"
                    HEIGHT="201"
                    WC="0.9900391192147227"></String>
          </TextLine>
          <TextLine ID="eSc_line_29ca8555"
                    TAGREFS="LT8"
                    BASELINE="1768 4214 3839 4231" 
                    HPOS="1734"
                    VPOS="4077"
                    WIDTH="2105"
                    HEIGHT="201">
            <Shape><Polygon POINTS="1734 4253 1759 4267 1763 4267 1767 4267 1770 4267 2147 4246 2183 4271 2187 4271 2190 4271 2194 4271 2550 4249 2661 4275 2665 4275 2923 4253 2995 4278 2999 4278 3002 4278 3106 4257 3832 4278 3839 4231 3839 4117 3703 4117 3656 4091 3652 4091 3649 4091 3645 4091 3573 4113 3462 4091 3458 4091 3369 4109 3311 4088 3308 4088 3304 4088 3300 4088 3211 4109 3049 4088 3045 4088 2934 4106 2891 4084 2887 4084 2884 4084 2762 4106 2661 4088 2657 4088 2654 4088 2650 4088 2621 4106 2453 4088 2449 4088 2445 4088 2392 4102 2370 4084 2370 4081 2366 4081 2363 4081 2359 4081 2194 4095 2165 4077 2162 4077 2158 4077 2155 4077 1738 4095 1738 4214"/></Shape>
            <String CONTENT="du Seigñr dieu/ sera sauue. Pourtãt"
                    HPOS="1734"
                    VPOS="4077"
                    WIDTH="2105"
                    HEIGHT="201"
                    WC="0.9981673069902368"></String>
          </TextLine>
          <TextLine ID="eSc_line_f1194712"
                    TAGREFS="LT8"
                    BASELINE="1765 4365 3009 4368 3825 4386" 
                    HPOS="1756"
                    VPOS="4215"
                    WIDTH="2063"
                    HEIGHT="221">
            <Shape><Polygon POINTS="1939 4215 1761 4237 1761 4361 1756 4393 3809 4436 3819 4382 3814 4258 1944 4215 1939 4215"/></Shape>
            <String CONTENT="te fault il premierement croire en luy."
                    HPOS="1756"
                    VPOS="4215"
                    WIDTH="2063"
                    HEIGHT="221"
                    WC="0.999779938123165"></String>
          </TextLine>
          <TextLine ID="eSc_line_7f15c4be"
                    TAGREFS="LT8"
                    BASELINE="1759 4515 3825 4533" 
                    HPOS="1756"
                    VPOS="4386"
                    WIDTH="2069"
                    HEIGHT="197">
            <Shape><Polygon POINTS="1759 4515 1756 4551 1900 4551 1979 4576 1982 4576 1986 4576 2151 4551 2327 4580 2331 4580 2525 4555 2582 4583 2586 4583 2589 4583 2593 4583 2679 4558 3818 4583 3825 4533 3821 4425 3519 4425 3466 4400 3462 4400 3458 4400 3455 4400 3394 4418 3361 4397 3358 4397 3354 4397 3351 4397 3067 4418 3013 4400 3009 4400 3006 4400 2823 4415 2801 4397 2801 4393 2797 4393 2794 4393 2790 4393 2787 4393 2783 4393 2751 4415 2683 4393 2679 4393 2675 4393 2672 4393 2629 4415 2611 4397 2607 4397 2604 4397 2600 4397 2359 4411 2298 4389 2295 4389 2291 4389 2287 4389 2212 4407 2126 4386 2122 4386 2119 4386 1925 4407 1896 4386 1892 4386 1889 4386 1885 4386 1759 4389 1759 4515"/></Shape>
            <String CONTENT="Et si tu linuoque dune telle foy, tu se"
                    HPOS="1756"
                    VPOS="4386"
                    WIDTH="2069"
                    HEIGHT="197"
                    WC="0.9965456739450113"></String>
          </TextLine>
          <TextLine ID="eSc_line_3022c528"
                    TAGREFS="LT8"
                    BASELINE="1756 4662 3814 4687" 
                    HPOS="1752"
                    VPOS="4529"
                    WIDTH="2062"
                    HEIGHT="209">
            <Shape><Polygon POINTS="1756 4662 1752 4698 2341 4723 2345 4723 2349 4723 2406 4705 2564 4723 2568 4723 2927 4709 2988 4730 2991 4730 2995 4730 3221 4712 3286 4734 3290 4734 3609 4738 3613 4738 3810 4716 3814 4687 3810 4576 3426 4555 3422 4555 3419 4555 3383 4569 3182 4544 3178 4544 2984 4558 2747 4540 2744 4540 2740 4540 2665 4562 2517 4537 2514 4537 2388 4558 2277 4537 2273 4537 1979 4551 1907 4529 1903 4529 1900 4529 1756 4547 1756 4662"/></Shape>
            <String CONTENT="ras sauue, cõme recite sainct Paul au"
                    HPOS="1752"
                    VPOS="4529"
                    WIDTH="2062"
                    HEIGHT="209"
                    WC="0.9973759666869515"></String>
          </TextLine>
          <TextLine ID="eSc_line_dde9c2af"
                    TAGREFS="LT8"
                    BASELINE="1763 4820 3825 4834" 
                    HPOS="1759"
                    VPOS="4691"
                    WIDTH="2066"
                    HEIGHT="251">
            <Shape><Polygon POINTS="1763 4820 1759 4867 1867 4903 1871 4903 1874 4903 1878 4903 1882 4903 1910 4881 1989 4921 1993 4921 1997 4921 2000 4921 2004 4921 2083 4870 2266 4870 2277 4885 2280 4885 2280 4888 2284 4888 2287 4888 2291 4888 2295 4888 2331 4874 2481 4935 2485 4935 2489 4939 2758 4939 2758 4935 2762 4935 2765 4935 2765 4931 2826 4878 2963 4903 2966 4903 2970 4903 3035 4881 3103 4939 3106 4939 3110 4939 3347 4942 3351 4942 3354 4942 3358 4942 3412 4899 3448 4913 3451 4913 3455 4913 3458 4913 3555 4881 3631 4917 3634 4917 3638 4917 3642 4917 3710 4881 3818 4899 3825 4834 3825 4723 3315 4723 3290 4698 3290 4694 3286 4694 3282 4694 3279 4694 3275 4694 3228 4716 3135 4698 3132 4698 3128 4698 3096 4716 3067 4694 3063 4694 3060 4694 3056 4694 3052 4694 3017 4712 2754 4691 2751 4691 2747 4691 2668 4712 2589 4691 2586 4691 2582 4691 2578 4691 2535 4712 2384 4691 2381 4691 2377 4691 2316 4712 2291 4691 2287 4691 2284 4691 2280 4691 1943 4709 1763 4691 1763 4820"/></Shape>
            <String CONTENT="chapitre dessusd. Toꝰ ceux qui croyẽt"
                    HPOS="1759"
                    VPOS="4691"
                    WIDTH="2066"
                    HEIGHT="251"
                    WC="0.9987209407906783"></String>
          </TextLine>
        </TextBlock>
        <TextBlock HPOS="3611"
                   VPOS="4904"
                   WIDTH="229"
                   HEIGHT="181"
                   ID="eSc_textblock_cb8a3baa"
                   TAGREFS="BT17">
          <Shape><Polygon POINTS="3611 4904 3611 5085 3840 5085 3840 4904"/></Shape>
          <TextLine ID="eSc_line_56be9447"
                    TAGREFS="LT8"
                    BASELINE="3661 5004 3808 5007" 
                    HPOS="3658"
                    VPOS="4888"
                    WIDTH="145"
                    HEIGHT="200">
            <Shape><Polygon POINTS="3658 5001 3658 5088 3803 5088 3803 5001 3803 4888 3658 4888 3658 5001"/></Shape>
            <String CONTENT="en"
                    HPOS="3658"
                    VPOS="4888"
                    WIDTH="145"
                    HEIGHT="200"
                    WC="1.0"></String>
          </TextLine>
        </TextBlock>
        <TextBlock HPOS="1273"
                   VPOS="1366"
                   WIDTH="500"
                   HEIGHT="211"
                   ID="eSc_textblock_9ee14c5f"
                   TAGREFS="BT13">
          <Shape><Polygon POINTS="1273 1366 1273 1577 1773 1577 1773 1366"/></Shape>
          <TextLine ID="eSc_line_bd0b4858"
                    TAGREFS="LT8"
                    BASELINE="1336 1518 1756 1518" 
                    HPOS="1336"
                    VPOS="1389"
                    WIDTH="420"
                    HEIGHT="237">
            <Shape><Polygon POINTS="1336 1478 1336 1518 1336 1582 1512 1611 1515 1611 1519 1611 1619 1586 1662 1622 1666 1622 1670 1622 1673 1626 1756 1626 1756 1518 1756 1414 1673 1389 1670 1389 1666 1389 1662 1389 1576 1414 1411 1389 1407 1389 1404 1389 1357 1407 1336 1478"/></Shape>
            <String CONTENT="Rom.4."
                    HPOS="1336"
                    VPOS="1389"
                    WIDTH="420"
                    HEIGHT="237"
                    WC="0.9989618957042694"></String>
          </TextLine>
        </TextBlock>
        <TextBlock HPOS="1261"
                   VPOS="3488"
                   WIDTH="518"
                   HEIGHT="181"
                   ID="eSc_textblock_bccc211f"
                   TAGREFS="BT13">
          <Shape><Polygon POINTS="1261 3488 1261 3669 1779 3669 1779 3488"/></Shape>
          <TextLine ID="eSc_line_c13f1468"
                    TAGREFS="LT8"
                    BASELINE="1307 3600 1759 3604" 
                    HPOS="1298"
                    VPOS="3456"
                    WIDTH="458"
                    HEIGHT="205">
            <Shape><Polygon POINTS="1303 3596 1298 3661 1750 3661 1756 3602 1756 3478 1303 3456 1303 3596"/></Shape>
            <String CONTENT="Luce.21."
                    HPOS="1298"
                    VPOS="3456"
                    WIDTH="458"
                    HEIGHT="205"
                    WC="0.9744333326816559"></String>
          </TextLine>
        </TextBlock>
        <TextBlock HPOS="1267"
                   VPOS="3759"
                   WIDTH="524"
                   HEIGHT="205"
                   ID="eSc_textblock_7619c809"
                   TAGREFS="BT13">
          <Shape><Polygon POINTS="1267 3759 1267 3964 1791 3964 1791 3759"/></Shape>
          <TextLine ID="eSc_line_3e05db01"
                    TAGREFS="LT8"
                    BASELINE="1321 3873 1759 3902" 
                    HPOS="1314"
                    VPOS="3720"
                    WIDTH="442"
                    HEIGHT="231">
            <Shape><Polygon POINTS="1319 3871 1314 3930 1745 3951 1756 3898 1750 3736 1616 3763 1325 3720 1319 3871"/></Shape>
            <String CONTENT="Rom.x."
                    HPOS="1314"
                    VPOS="3720"
                    WIDTH="442"
                    HEIGHT="231"
                    WC="0.9999476472536722"></String>
          </TextLine>
        </TextBlock>
      </PrintSpace>
    </Page>
  </Layout>
</alto>
