4267 6358
1663 579 237 258 1Ib

2524 586 838 191 Des moines.

1875 755 2134 202 ⁊ leur ameneray les choses quilz crai¬

1875 911 2141 198 noyent pour ce q̃ iay husche, ⁊ il nestoit

1875 1070 2144 187 nul qui respondit, iay parle ⁊ il, nont

1886 1215 2126 194 point ouy. Pensez bien ces parolles

1882 1370 2137 194 uoꝰ tous, qui faictes tant destime de

1872 1525 2144 195 uoz ceremonies, festoyemens, obla¬

1865 1674 2147 198 tiõs, encenseries, ⁊ toutes autres oeu¬

1865 1822 2130 201 ures exterieures. Car iasoit que uoꝰ

1865 1985 2137 194 direz que ces parolles sont dictes des

1865 2133 2137 191 Iuifz/ qui demeurent obstinez en la

1854 2303 2130 176 loy/ de Moyse/ ne peuuẽt poͬtãt, mes¬

1854 2437 2137 194 mes ne doibuẽt elles point estre entẽ¬

1861 2585 2109 198 dues de toꝰ ceux qͥ ensuyuẽt les iuifz/

1850 2723 2127 212 Ce que font ceux qui cuident faire

1850 2875 2130 212 grand benefice a Dieu par leurs cere

1847 3027 2109 212 monies, batelaiges/ sonnaigea/ chan

1843 3182 2091 187 teries, ieux dorgues/ encẽseries/ diuer

1843 3330 2088 195 sitez dabiz/ ⁊ mille autres songes, les¬

1843 3479 2084 205 quelz scait aussi biẽ faire un enuieux/

1836 3631 2102 204 orgueilleux/ uoire aussi un/ meur¬

1836 3783 2081 208 trier/ ou larron/ cõme un uray Chre¬

1836 3938 2070 177 stien? Mais aymer Dieu de bõ coeur/

1840 4086 2052 202 recongnoistre urayment son imperfe

1836 4263 2042 173 ction/ prier pour ses ennemys, secou¬

1836 4390 2028 201 rir par uraye charite a son frere Chre¬

1840 4549 2017 233 stien, porter en patience, et dun coeur

3475 4733 371 208 ioyeux
