4267 6225
1633 439 284 290 242

2508 428 786 197 Des tailles.

1816 612 2160 211 strans par l Euãgile q̃ les Chrestiens

1813 774 2170 190 ne doibuẽt auoir nulz ꝓces. Et doib¬

1820 926 2170 197 uẽt estre fort marryz de la dissentiõ de

1837 1082 2142 183 leͬs freres Chrestiẽs/ ou du mauuais

1847 1238 1938 190 gouuernement des malfaicteurs.

2031 1379 1931 201 Il fault aussi q̃ les Seigñrs ayent

1841 1545 2121 191 grãd soing/ doster toutes mauuaises

1837 1687 2135 201 coustumes: ⁊ deffendrõt estroictemẽt/

1841 1853 2159 190 q̃ nulles ieunes fortes ꝑsonnes uoysẽt

1837 2002 2170 194 demãder leur pain/ car il en uiẽt beau

1837 2158 2160 183 coup de mal: mais les ꝯtraindrõt dap

1851 2289 2132 187 prẽdre un mestier. Et il y a une loy au

1844 2431 2135 197 droit ciuil/ laq̃lle defend/ q̃ nulles for¬

1844 2583 2132 190 tes ꝑsonnes ⁊ en sante/ demãdẽt leur

1854 2732 2087 197 pain. Et pourtãt suys ie fort esbahy q̃

1841 2884 2128 193 les Seigñr temporelz ne gardẽt ceste

1844 3029 2111 208 loy/ ueu q̃lle est bõne/ ⁊ point ꝯtraire/

1847 3188 2098 194 mais cõsonãte a lescripture/ laq̃lle cõ¬

1851 3344 2114 193 mãde q̃ celuy qͥ ne labeure/ ne mãgeue

1854 3489 2098 197 pareillemẽt poĩt. Et les Seigñrs deh

1854 3648 2105 190 uroyent induire/ ⁊ fort ꝯseiller aux ri¬

1854 3790 2105 211 ches qͥlz fussent curieux de faire apprẽ

1854 3949 2091 190 dre aux paoures ieunes cõpaignons

1868 4094 2073 208 un mestier/ affin qͥlz ne uoisent demã

1861 4250 2070 200 der leur pain, ⁊ qͥlz nayent occasion de

1858 4402 2059 235 prendre la besace. Et les Seigñrs

3391 4571 526 253 deburoint
