4267 6254
1657 385 278 226 194

2348 361 1192 240 La uie dun citoyen.

1852 545 2157 240 ser leur pain/ mais quon les feist tous

1852 715 2164 212 apprendre un mestier. Et si tous ieu¬

1848 865 2161 215 nes prebstres ⁊ moines faisoyent ain¬

1855 1007 2154 222 si/ ilz feroyent bien. Ueulent ilz estre

1810 1163 2199 230 meilleurs que nestoit iadiz S. Paul/

1855 1316 2130 223 et les autres Apostres? Et on uoit au

1855 1469 2134 216 iourdhuy quõ leur deffend de oeuurer

1862 1622 2140 222 ce quest manifestement apostater de

1852 1778 2143 219 la foy Chrestienne/ il ne men chault qͥ

1855 1928 2151 215 le deffende quãd ce seroit un Ange du

1830 2063 2160 235 ciel. Et aussi les moines souloyent ia

1841 2227 2148 215 diz labourer. Et il est tout manifeste

1848 2373 2113 211 quil ya trop de prebstres et de moines

1848 2518 2130 223 au monde. Et si tout le monde faisoit

1845 2671 2133 230 comme eux/ qui laboureroit les ter¬

1841 2817 2137 226 res? Ie ne scay quelle sainctete il y a

1834 2970 2130 226 auiourdhuy en la uie des prebstres/

1834 3123 2137 222 ou des moines sinõ gourmãdise pail

1831 3272 2126 219 lardise paresse et plusieurs autres pe¬

1834 3422 2123 226 chez. Et tous prebstres pourtant qui

1827 3568 2109 219 ne font aucun office lequel soit neces¬

1834 3710 2095 240 saire a la chrestiẽte/ mais plustost grã

1827 3867 2092 218 demẽt dommageable/ mãgeuent in¬

1817 4016 2085 229 iustemẽt les biẽs des paoures/ et sont

1817 4176 2064 212 meurtriers et larrons/ comme dit Ie¬

1820 4315 2050 278 su Christ en lEuangile. Mais mon¬

3502 4537 368 254 strons

1408 2016 355 245 Gal.1.
