4267 6400
2576 666 181 251 17

1052 682 775 199 Chapitre 1.

458 856 2077 203 de en la saincte escripture/ qui ne sont

458 1048 2077 160 point moines/ mais tous ceux qui ui

462 1166 2066 195 uẽt selon la chair: qui ne desirẽt point

465 1319 2063 174 icy mourir auec Iesus Christ/ ⁊ estre

465 1464 2041 192 abscõsez en Christ uiuãs/ auec Dieu/

455 1617 2062 167 tous ceux la sont mõdains/ soit moi¬

440 1767 2077 181 ne ou chanoine/ nonne ou beguine/ no

433 1909 2073 178 ble ou ignoble/ grãd ou petit. Car (cõ

433 2069 2077 188 me iay dit) la uie de ceux qui appar¬

437 2218 2059 182 tiennent a Dieu est icy cachee/ ⁊ sem¬

437 2353 2066 199 blent estre mortz deuant le mõde. Car

455 2499 2044 206 il ne uiuẽt point selon la uie du mon

465 2645 2024 210 de/ ⁊ pourtant sont ilz hayz du mõde:

458 2794 2048 203 car il ne sont point du mõde/ cõme dit

448 2928 2053 208 Leuãgile en ceste maniere. Ilz ne sont

458 3093 2045 206 point du mõde/ car silz estoiẽt du mon

448 3242 2062 203 de/ le monde certes les aymeroit cõme

451 3388 2059 220 les siens. Mais pourtant qͥlz promet¬

465 3552 2041 202 tent au baptesme de mourir auec Ie¬

476 3690 2027 217 sus Christ ⁊ renoncẽt a toute plaisan¬

465 3854 2041 195 ce mondaine/ pour ce/ sont ilz persecu¬

472 4000 2034 199 tez du monde. Et par ce/ peut on

469 4142 2055 213 tousiours congnoistre les disciples/ ⁊

472 4295 2049 202 les enfans de Dieu/ silz entraiment

472 4440 2063 210 lun lautre. Et silz ne uiuent selon la

490 4593 2052 242 uie du mõde/ ne selon la plaisance de

2105 4753 440 217 B la

2538 2981 411 235 Ioan.15.
