4267 7452
2866 728 286 282 239

1126 695 1210 244 Chapitre .xxuii.

434 894 2436 273 telles choses, ⁊ iugemẽt de toy uẽger,

426 1084 2473 253 ⁊ de bailler aucũ iugemẽt par hayne/

414 1262 2473 236 enuie, ou faueur: mais seulemẽt quãd

405 1428 2478 256 tu scais q̃ cest le droit selon lEuãgile.

414 1618 2473 236 Et ne seroit point mauuais dicy gar¬

414 1780 2461 265 der lordonnãce q̃ fist lempereur Theo

414 1974 2452 249 dosien, leq̃l ordõna quon ne fist nul¬

401 2136 2498 252 ly mourir q̃ premier il neust este trẽte

389 2310 2481 265 iours en la prisõ, affin q̃ ec tẽps pẽdãt

368 2475 2498 294 il se peust deffendre, et affin q̃ le iuge

356 2662 2510 277 nen fist nul mourir par hastiuete, et

360 2835 2490 274 peust refroider sõ eschauffe couraige.

517 3009 2345 257 Et quãd aucũ de la cõmunite aura

352 3175 2514 265 faict q̃lq̃ mal par malheur cõtre droit

352 3365 2502 257 ⁊ iustice, leq̃l toutesfoys a autrement

352 3539 2477 261 este de bõne uie, ⁊ de bonne renõmee,

360 3717 2502 261 un tel peut un iuge bien ayder contre

343 3887 2498 273 les loix, ⁊ ꝓcurer sa deliurãce sans pe

356 4061 2469 281 che. Car sil est ainsi q̃ la loy de Moyse

364 4243 2457 282 auoit si grãde discretiõ, q̃ par icelle on

360 4409 2469 289 ne mettoit poĩt a mort ceux qͥ impour

356 4587 2469 281 ueumẽt ⁊ par cas dauẽture auoyẽt cõ

341 4756 2453 286 mis homicide, cõe il est escript en Deu

339 4947 2469 273 tero. tellemẽt q̃ Moyse auoit enseigne

335 5117 2469 289 troys citez ausquelles pourroyẽt fuyr

339 5311 2457 290 ceux qͥ par fortune auoyẽt q̃lcũ occis/

2324 5526 464 282 cõbien

2838 4775 503 354 Deut.c
