4267 6631
1536 646 265 287 48

2531 685 748 199 De la Foy.

1812 865 2189 207 ham/ ⁊ quauons trouue salut par le

1809 1024 2170 206 moyen de la foy ainsi q̃ Abrahã/ noꝰ

1823 1182 2167 203 fault aussi faire les oeuures dAbra¬

1809 1333 2177 206 hã/ Cõe dit nr̃e seigñr en saĩct Iehan.

1853 1495 2141 203 Si uoꝰ estes filz dAbrahã. faictez les

1794 1654 2196 198 oeuures dAbrahã. Et poͬtãt porterõs

1798 1827 2192 173 noꝰ toutes choses patiẽment/ ⁊ uolũ¬

1801 1959 2174 210 tiers/ lesq̃lles Dieu ueult q̃ noꝰ souf¬

1801 2118 2178 210 frõs/ ⁊ portõs. Car sil ꝯgnoissoit q̃lles

1794 2280 2207 184 ne noꝰ fussẽt cõuenables/ ⁊ utiles/ il

1801 2442 2174 199 les ẽpescheroit bien daduenir/ cõe cher

1801 2604 2163 192 tẽps, guerre/ peste, paourete maladie,

1787 2748 2192 191 trauail dẽnemyz, ꝑsecutiõ, descõfort

1805 2910 2156 199 pour noz enfans, pour perte de biens

1794 3053 2159 203 tẽporelz, finablemẽt la mort mesme.

1801 3208 2141 206 Car cõme dit sainct Paul. Soit q̃ ui¬

1794 3374 2148 192 uõs, soit que mourons, nous sommes

1801 3532 2145 196 tousiours au seigneur. Et pourtãt, le

1787 3680 2148 202 Chrestiẽ ne se troublera en riẽ/ poͬ tou

1794 3845 2126 192 tes telles choses/ mais sera plustost

1794 4000 2126 195 ioyeux (cõme estoient les Apostres) q̃

1794 4148 2086 206 Dieu le faict digne de pouoir souffrir

1790 4306 2079 195 quelque chose poͬ lamour de luy/ car

1796 4459 2067 210 cest un certain signe q̃ tu es enfant de

1787 4623 2082 195 Dieu/ si tu as patiẽce. Car il est escript

1785 4746 2061 310 par saĩct Luc/ es actes des Apostres,

3659 4917 191 214 les

1403 1447 373 221 Iohã.8.

1403 3286 350 198 Ro.14.

1442 4790 359 260 Act.5.
