4267 6154
2343 564 205 261 115

923 543 882 257 Chapitre .xiii.

359 758 2013 219 aussi croire tout cecy: mais ceste nest

379 929 2004 195 point encore la foy de laquelle parle

376 1073 1976 202 Leuãgile ⁊ S. Paul. La tierce foy

372 1220 1990 188 est q̃ nous croyons q̃ Dieu peut tou¬

372 1367 1980 195 tes choses ⁊ quil est iuste/ bon/ sainct/

369 1517 1986 185 et quil scait faire toutes choses. Ceste

379 1656 1980 195 foy ont aussi les diables/ ⁊ Iudas la¬

365 1815 1980 178 uoit aussi, ⁊ aucuns autres disciples/

348 1952 2007 195 qui faisoient miracles aut nom de Ie

355 2102 1993 192 sus, mais ilz nen ualoiẽt point pour¬

352 2249 2007 181 tant de mieulx. Car quand ilz se glori

369 2396 1986 178 fioient ⁊ estoiẽt ioyeux/ pourtant que

365 2533 1994 188 par leur foy ilz expulsoiẽt les diables

362 2680 2010 171 au nom de Iesus. Iesꝰ Christ les a re

352 2817 2031 191 dargue. De ceste foy escript S. Paul

348 2953 2011 190 aux Corinthiẽs, disant: Quand ainsi

369 3102 1990 195 seroit q̃ ieusse toute foy/ tellement que

386 3261 1976 181 feisse mouuoir les mõtaignes de leur

376 3405 1983 188 lieu/ et que naye point de charite/ ie ne

396 3545 1942 198 suis rien. La quarte foy est nr̃e foy

369 3692 1990 198 Chrestiẽne, de laquelle parlẽt tant Ie

389 3839 2028 202 sus Christ S: Paul, ⁊ S. Iehã, ⁊ diẽt

365 3993 1997 191 que cest le fondement de Chrestiente.

362 4136 2010 199 Et ceste est la foy de laquelle ie parle

365 4283 2000 206 en ce present liuret. Ceste foy nõt nulz

376 4434 2000 212 fors ceux qui mettent toute leur espe¬

1507 4594 869 219 H 2 rance,

2369 2948 436 205 Luce.10.

2364 3097 431 267 1.Cor.13.
