4267 6200
2298 496 273 258 243

923 496 1014 241 Chapitre .xxuii.

310 685 2037 234 deburoint aussi mettre et ordõner q̃lq̃

320 833 2030 241 hõneste ꝓuision q̃ les paoures impo¬

323 981 2027 221 tẽs/ ieunes enfans/ et uieilles gens qͥ

320 1129 2040 224 ne peuuẽt gaigner leur pain/ ⁊ nõt de

330 1264 2037 237 quoy uiure/ ne fussent cõtrains daller

334 1412 2037 237 dhuys en huys. Cõme si on cõstituoit

334 1563 2051 228 trois ou quatre gẽs de biẽ en chascune

334 1708 2026 217 paroisse/ qͥ dun cõmũ tresor/ cõe main

330 1849 2030 231 tenãt de la table des paoures/ poͬuoi¬

320 2008 2089 220 royẽt toutes les sepmaines autant qͥl

327 2159 2040 214 faudroit a chascũ mesnagediceux pao

330 2290 2048 217 ures/ et ce tout ꝑ portiõ selon le nõbre

337 2424 2048 231 des paoures. Et quõ admõnestast les

344 2566 2037 227 riches de faire leͬs aumosnes a cestuy

348 2707 2057 231 cõmun tresor/ ⁊ de donner leurs testa¬

351 2855 2054 234 mens/ ⁊ des rẽtes. Car on treuue bien

361 3003 2006 231 moyen de fonder grosses abbayes poͬ

372 3155 2033 227 souuẽt nourrir paillardz ⁊ paillardes

372 3306 2037 210 ne scauroit on trouuer moyen de faire

396 3447 2016 221 une oeuure si salutaire ⁊ tãt accordan

382 3592 2034 227 te a leuãgile? Et a iceux paoures fau

382 3747 2037 214 droit il acheter des demeures: cõe sont

386 3888 2040 217 les hospitaux/ en un beau plaisant et

386 4030 2043 230 ample lieu hois de la uille si on uou¬

386 4178 2061 220 loit/ ⁊ leur ordõner un hõe de bien/ qͥ

392 4336 2058 241 leur fist toꝰ les iours un sermon pour

1757 4477 707 204 Q 2 les
