4267 6154
2297 588 226 242 161

861 598 892 212 Chapitre .xix.

246 1215 261 338 I

393 769 1726 198 ¶ Des parens qui ueulẽt met¬

379 936 1542 192 tre leurs enfans en religion.

823 1080 848 188 Chapitre.xix.

497 1200 1769 225 Cy fault il admõnester les parẽs

507 1359 1764 200 quilz se gardẽt de mettre leurs en

259 1514 2021 205 fans en religion sans aduyz. Ce font

249 1664 2017 199 ilz souuent pource quilz quierent plus

249 1808 2021 195 leur ꝓpre prouffit/ q̃ le salut de leurs

249 1962 2045 188 enfans. Car aucuns le font pourtant

246 2112 2003 182 quilz ont plusieurs enfans/ ⁊ affin qͥlz

246 2253 2034 188 puissent marier les autres plus riche¬

1593 4591 731 205 L enfans/

242 2400 2035 191 ment/ ilz en boutent un ou deux ayãs

253 2547 2030 181 quelque imperfection corporelle en re¬

246 2687 2020 188 ligion. Aucunes gens le font aussi poͬ

249 2830 2048 195 auoir honneur de leurs enfans, par ce

259 2981 2045 188 quil sont rẽduz moines/ prebstres/ ou

270 3121 2024 188 prelatz. Les autres le font par espoir

276 3271 2028 199 destre aydez ⁊ secouruz de leͬs ẽfans.

406 3425 1881 178 Regarde cõmẽt par tel moyen il en

290 3562 2011 195 est si peu qui se rendent religieux auec

290 3712 2011 185 droicte intention. Il nest point a pri¬

297 3856 2000 191 ser/ mais grãdement a despriser quãd

297 4010 2010 188 par telle occasion aucun se rend en reli

304 4157 2007 184 gion. Les parẽs donc regarderõt pre¬

300 4297 2031 192 mieremẽt a lhõneur de Dieu/ au uou

304 4447 2031 219 loyr de leuangile/ au prouffit de leurs
