<?xml version="1.0" encoding="UTF-8"?>
<alto xmlns:xsi="http://www.w3.org/2001/XMLSchema-instance"
      xmlns="http://www.loc.gov/standards/alto/ns-v4#"
      xsi:schemaLocation="http://www.loc.gov/standards/alto/ns-v4# http://www.loc.gov/standards/alto/v4/alto-4-2.xsd">
  <Description>
    <MeasurementUnit>pixel</MeasurementUnit>
    <sourceImageInformation>
      <fileName>La_somme_de_lescripture_saincte_...Luther_Martin_bpt6k328613m.pdf_page_80.png</fileName>
      <fileIdentifier>pdf//La_somme_de_lescripture_saincte_...Luther_Martin_bpt6k328613m.pdf</fileIdentifier>
    </sourceImageInformation>
  </Description>
  <Tags>
    <OtherTag ID="BT7" LABEL="CustomZone" DESCRIPTION="block type CustomZone"/><OtherTag ID="BT8" LABEL="DamageZone" DESCRIPTION="block type DamageZone"/><OtherTag ID="BT9" LABEL="DigitizationArtefactZone" DESCRIPTION="block type DigitizationArtefactZone"/><OtherTag ID="BT10" LABEL="DropCapitalZone" DESCRIPTION="block type DropCapitalZone"/><OtherTag ID="BT11" LABEL="GraphicZone" DESCRIPTION="block type GraphicZone"/><OtherTag ID="BT12" LABEL="MainZone" DESCRIPTION="block type MainZone"/><OtherTag ID="BT13" LABEL="MarginTextZone" DESCRIPTION="block type MarginTextZone"/><OtherTag ID="BT14" LABEL="MusicZone" DESCRIPTION="block type MusicZone"/><OtherTag ID="BT15" LABEL="NumberingZone" DESCRIPTION="block type NumberingZone"/><OtherTag ID="BT17" LABEL="QuireMarksZone" DESCRIPTION="block type QuireMarksZone"/><OtherTag ID="BT18" LABEL="RunningTitleZone" DESCRIPTION="block type RunningTitleZone"/><OtherTag ID="BT19" LABEL="SealZone" DESCRIPTION="block type SealZone"/><OtherTag ID="BT20" LABEL="StampZone" DESCRIPTION="block type StampZone"/><OtherTag ID="BT21" LABEL="TableZone" DESCRIPTION="block type TableZone"/><OtherTag ID="BT22" LABEL="TitlePageZone" DESCRIPTION="block type TitlePageZone"/><OtherTag ID="BT3120" LABEL="text" DESCRIPTION="block type text"/>
    <OtherTag ID="LT7" LABEL="CustomLine" DESCRIPTION="line type CustomLine"/><OtherTag ID="LT8" LABEL="DefaultLine" DESCRIPTION="line type DefaultLine"/><OtherTag ID="LT9" LABEL="DropCapitalLine" DESCRIPTION="line type DropCapitalLine"/><OtherTag ID="LT10" LABEL="HeadingLine" DESCRIPTION="line type HeadingLine"/><OtherTag ID="LT11" LABEL="InterlinearLine" DESCRIPTION="line type InterlinearLine"/><OtherTag ID="LT12" LABEL="MusicLine" DESCRIPTION="line type MusicLine"/><OtherTag ID="LT958" LABEL="default" DESCRIPTION="line type default"/>
  </Tags>
  <Layout>
    <Page WIDTH="4267"
          HEIGHT="6329"
          PHYSICAL_IMG_NR="79"
          ID="eSc_dummypage_">
      <PrintSpace HPOS="0"
                  VPOS="0"
                  WIDTH="4267"
                  HEIGHT="6329">
        <TextBlock HPOS="1616"
                   VPOS="631"
                   WIDTH="302"
                   HEIGHT="199"
                   ID="eSc_textblock_5c32eb70"
                   TAGREFS="BT15">
          <Shape><Polygon POINTS="1616 631 1616 830 1918 830 1918 631"/></Shape>
          <TextLine ID="eSc_line_04ae2a12"
                    TAGREFS="LT8"
                    BASELINE="1659 791 1874 791" 
                    HPOS="1656"
                    VPOS="601"
                    WIDTH="216"
                    HEIGHT="311">
            <Shape><Polygon POINTS="1656 785 1656 886 1761 912 1766 912 1772 912 1872 859 1872 785 1872 622 1656 601 1656 785"/></Shape>
            <String CONTENT="76"
                    HPOS="1656"
                    VPOS="601"
                    WIDTH="216"
                    HEIGHT="311"
                    WC="0.9999694228172302"></String>
          </TextLine>
        </TextBlock>
        <TextBlock HPOS="2653"
                   VPOS="637"
                   WIDTH="838"
                   HEIGHT="223"
                   ID="eSc_textblock_da6bc168"
                   TAGREFS="BT18">
          <Shape><Polygon POINTS="2653 637 2653 860 3491 860 3491 637"/></Shape>
          <TextLine ID="eSc_line_f6b14951"
                    TAGREFS="LT10"
                    BASELINE="2736 812 3443 819" 
                    HPOS="2733"
                    VPOS="675"
                    WIDTH="710"
                    HEIGHT="204">
            <Shape><Polygon POINTS="3369 685 3334 685 3299 685 3264 685 3229 682 3194 682 3158 682 3123 682 3088 678 3053 678 3018 678 2983 678 2947 678 2912 675 2877 675 2842 675 2807 675 2771 675 2740 689 2736 812 2733 854 3004 854 3025 871 3025 875 3028 875 3032 875 3137 879 3141 879 3440 864 3443 819 3426 706 3405 685"/></Shape>
            <String CONTENT="Dd grace."
                    HPOS="2733"
                    VPOS="675"
                    WIDTH="710"
                    HEIGHT="204"
                    WC="0.9981842901971605"></String>
          </TextLine>
        </TextBlock>
        <TextBlock HPOS="1725"
                   VPOS="854"
                   WIDTH="2332"
                   HEIGHT="3930"
                   ID="eSc_textblock_d850ada9"
                   TAGREFS="BT12">
          <Shape><Polygon POINTS="1821 854 1725 4765 3858 4784 4057 896"/></Shape>
          <TextLine ID="eSc_line_081b49ad"
                    TAGREFS="LT8"
                    BASELINE="1881 956 3208 995 3995 1044" 
                    HPOS="1872"
                    VPOS="785"
                    WIDTH="2120"
                    HEIGHT="306">
            <Shape><Polygon POINTS="1877 954 1872 996 1946 1023 1951 1023 3259 1039 3845 1091 3850 1091 3987 1065 3992 1039 3992 864 2869 849 2547 806 2542 806 2420 828 2362 801 2357 801 2352 801 2120 817 1972 785 1967 785 1962 785 1877 806 1877 954"/></Shape>
            <String CONTENT="escriptures icy, peux tu cõgnoistre, q̃"
                    HPOS="1872"
                    VPOS="785"
                    WIDTH="2120"
                    HEIGHT="306"
                    WC="0.9800910487771034"></String>
          </TextLine>
          <TextLine ID="eSc_line_d74fc910"
                    TAGREFS="LT8"
                    BASELINE="1867 1104 2743 1125 3971 1188" 
                    HPOS="1839"
                    VPOS="980"
                    WIDTH="2132"
                    HEIGHT="250">
            <Shape><Polygon POINTS="1839 1146 2043 1139 2075 1160 2078 1160 2082 1160 2086 1160 2089 1160 2093 1160 2117 1139 2195 1167 2198 1167 2202 1167 2367 1149 2701 1160 2786 1191 2789 1191 2793 1191 2796 1191 2863 1174 2972 1198 2975 1198 3095 1181 3130 1206 3134 1206 3137 1206 3141 1206 3377 1191 3468 1216 3471 1216 3475 1216 3479 1216 3521 1198 3549 1223 3552 1223 3556 1223 3964 1230 3971 1188 3971 1075 3640 1068 3584 1037 3581 1037 3577 1037 3412 1047 3384 1026 3380 1026 3377 1026 3211 1019 3042 1016 3039 1016 3035 1016 2993 1037 2866 1005 2863 1005 2859 1005 2856 1005 2807 1030 2743 1005 2740 1005 2736 1005 2511 1016 2458 988 2455 988 2283 980 2279 980 2275 980 2205 1005 1846 991 1843 1104"/></Shape>
            <String CONTENT="nous sommes tous enfans de dieu/ si"
                    HPOS="1839"
                    VPOS="980"
                    WIDTH="2132"
                    HEIGHT="250"
                    WC="0.9743904147829329"></String>
          </TextLine>
          <TextLine ID="eSc_line_74637a52"
                    TAGREFS="LT8"
                    BASELINE="1867 1251 2518 1265 3964 1336" 
                    HPOS="1864"
                    VPOS="1139"
                    WIDTH="2100"
                    HEIGHT="242">
            <Shape><Polygon POINTS="1867 1251 1864 1286 3957 1381 3964 1336 3960 1206 3883 1227 3728 1223 3668 1195 3665 1195 3661 1195 3348 1202 3250 1174 3246 1174 3243 1174 3085 1184 3067 1170 3067 1167 3063 1167 3060 1167 2849 1156 2845 1156 2842 1156 2768 1177 2655 1149 2652 1149 2648 1149 2518 1163 2451 1139 2448 1139 1867 1139 1867 1251"/></Shape>
            <String CONTENT="nous le uoulons certainement croire."
                    HPOS="1864"
                    VPOS="1139"
                    WIDTH="2100"
                    HEIGHT="242"
                    WC="0.9742629627386729"></String>
          </TextLine>
          <TextLine ID="eSc_line_361403a9"
                    TAGREFS="LT8"
                    BASELINE="1867 1409 2304 1409 3960 1476" 
                    HPOS="1864"
                    VPOS="1269"
                    WIDTH="2096"
                    HEIGHT="260">
            <Shape><Polygon POINTS="1867 1409 1864 1452 2458 1452 2715 1459 2771 1487 2775 1487 2779 1487 3282 1487 3296 1504 3299 1504 3299 1508 3303 1508 3306 1508 3310 1508 3464 1490 3489 1511 3489 1515 3493 1515 3496 1515 3500 1515 3503 1515 3566 1494 3605 1518 3609 1518 3612 1518 3616 1518 3690 1504 3792 1525 3795 1525 3799 1525 3841 1508 3883 1529 3887 1529 3890 1529 3894 1529 3957 1508 3960 1476 3960 1364 3619 1357 3591 1332 3591 1329 3588 1329 3584 1329 3581 1329 3377 1343 3215 1315 3211 1315 3070 1332 3035 1307 3032 1307 3028 1307 3025 1307 2909 1325 2750 1297 2747 1297 2603 1315 2409 1290 2406 1290 2286 1304 2237 1279 2233 1279 2096 1272 2093 1272 2089 1272 2033 1293 1980 1269 1976 1269 1973 1269 1867 1286 1867 1409"/></Shape>
            <String CONTENT="Et ce noꝰ a dieu mieulx ayme de pro¬"
                    HPOS="1864"
                    VPOS="1269"
                    WIDTH="2096"
                    HEIGHT="260"
                    WC="0.993241012096405"></String>
          </TextLine>
          <TextLine ID="eSc_line_7338bc6f"
                    TAGREFS="LT8"
                    BASELINE="1864 1550 3953 1620" 
                    HPOS="1860"
                    VPOS="1420"
                    WIDTH="2093"
                    HEIGHT="260">
            <Shape><Polygon POINTS="1864 1550 1860 1578 2156 1592 2184 1617 2184 1620 2188 1620 2191 1620 2279 1627 2283 1627 2286 1627 2370 1599 2462 1606 2479 1631 2483 1631 2483 1634 2487 1634 2490 1634 2494 1634 2497 1634 2501 1634 2539 1610 2585 1627 2589 1627 2592 1627 2596 1627 2620 1613 2645 1634 2645 1638 2648 1638 2652 1638 2655 1638 2779 1613 2905 1649 2909 1649 2912 1649 3426 1634 3848 1680 3851 1680 3950 1656 3953 1620 3943 1487 3918 1504 3820 1487 3816 1487 3813 1487 3746 1504 3538 1473 3535 1473 3327 1490 3130 1487 3102 1462 3102 1459 3099 1459 3095 1459 3092 1459 3088 1459 3085 1459 3063 1473 3018 1455 3014 1455 3011 1455 3007 1455 3004 1455 2975 1476 2912 1452 2909 1452 2905 1452 2771 1469 2694 1448 2691 1448 2687 1448 2684 1448 2680 1448 2659 1466 2515 1466 2472 1438 2469 1438 2465 1438 2462 1438 2458 1438 2413 1459 2360 1441 2356 1441 2353 1441 2290 1455 2265 1434 2261 1434 2258 1434 2254 1434 2251 1434 2198 1452 2173 1431 2173 1427 2170 1427 2166 1427 2163 1427 2159 1427 2107 1448 2071 1424 2068 1424 2064 1424 2061 1424 2057 1424 2019 1441 1973 1420 1969 1420 1966 1420 1864 1438 1864 1550"/></Shape>
            <String CONTENT="mettre par nostre foy, que par noz bõ"
                    HPOS="1860"
                    VPOS="1420"
                    WIDTH="2093"
                    HEIGHT="260"
                    WC="0.991448816500212"></String>
          </TextLine>
          <TextLine ID="eSc_line_ab6196a1"
                    TAGREFS="LT8"
                    BASELINE="1864 1701 3957 1775" 
                    HPOS="1860"
                    VPOS="1585"
                    WIDTH="2097"
                    HEIGHT="243">
            <Shape><Polygon POINTS="1864 1701 1860 1747 2254 1747 2279 1768 2283 1768 2286 1768 2290 1768 2293 1768 2342 1751 2472 1775 2476 1775 2557 1758 2585 1782 2589 1782 2592 1782 3011 1796 3014 1796 3018 1796 3021 1796 3049 1779 3158 1803 3162 1803 3313 1786 3352 1810 3355 1810 3359 1810 3362 1810 3542 1793 3950 1828 3957 1775 3957 1656 3771 1663 3672 1627 3668 1627 3369 1617 3366 1617 3362 1617 3313 1642 3278 1613 3275 1613 3271 1613 3267 1613 2881 1631 2849 1603 2849 1599 2845 1599 2842 1599 2775 1596 2771 1596 2768 1596 2673 1624 2606 1624 2582 1599 2582 1596 2578 1596 2574 1596 2571 1596 2567 1596 2529 1617 2479 1585 2476 1585 2472 1585 2469 1585 2465 1585 2388 1613 2180 1585 2177 1585 2173 1585 2170 1585 2142 1603 1864 1596 1864 1701"/></Shape>
            <String CONTENT="nez oeuures: affin que feussions tant"
                    HPOS="1860"
                    VPOS="1585"
                    WIDTH="2097"
                    HEIGHT="243"
                    WC="0.9863929394129161"></String>
          </TextLine>
          <TextLine ID="eSc_line_27a02919"
                    TAGREFS="LT8"
                    BASELINE="1860 1860 2525 1870 3957 1923" 
                    HPOS="1857"
                    VPOS="1743"
                    WIDTH="2100"
                    HEIGHT="236">
            <Shape><Polygon POINTS="1860 1860 1857 1909 2149 1898 2427 1909 2465 1933 2469 1933 2472 1933 2476 1933 2740 1919 2786 1940 2789 1940 3000 1947 3004 1947 3007 1947 3011 1947 3028 1930 3109 1954 3113 1954 3116 1954 3120 1954 3208 1933 3260 1958 3264 1958 3267 1958 3517 1944 3633 1972 3637 1972 3640 1972 3742 1954 3950 1979 3957 1923 3957 1817 3679 1789 3676 1789 3556 1803 3443 1779 3440 1779 3362 1796 3348 1779 3345 1779 3345 1775 3341 1775 3338 1775 3334 1775 3331 1775 3296 1793 3232 1772 3229 1772 3225 1772 3222 1772 3176 1789 3130 1768 3127 1768 3123 1768 3021 1786 2968 1765 2965 1765 2961 1765 2958 1765 2919 1782 2733 1779 2708 1754 2705 1754 2701 1754 2698 1754 2694 1754 2655 1772 2585 1751 2582 1751 1860 1743 1860 1860"/></Shape>
            <String CONTENT="plus certains de nr̃e salut. Et pour¬"
                    HPOS="1857"
                    VPOS="1743"
                    WIDTH="2100"
                    HEIGHT="236"
                    WC="0.9996372574084514"></String>
          </TextLine>
          <TextLine ID="eSc_line_a1ba73f3"
                    TAGREFS="LT8"
                    BASELINE="1866 2011 2244 2011 3936 2070" 
                    HPOS="1856"
                    VPOS="1882"
                    WIDTH="2078"
                    HEIGHT="248">
            <Shape><Polygon POINTS="1861 2009 1856 2041 3924 2130 3934 2067 3934 1946 1861 1882 1861 2009"/></Shape>
            <String CONTENT="tant/ dit sainct Paul, par la foy: affin"
                    HPOS="1856"
                    VPOS="1882"
                    WIDTH="2078"
                    HEIGHT="248"
                    WC="0.9999249815940857"></String>
          </TextLine>
          <TextLine ID="eSc_line_c3509c1d"
                    TAGREFS="LT8"
                    BASELINE="1850 2158 3936 2215" 
                    HPOS="1846"
                    VPOS="2035"
                    WIDTH="2090"
                    HEIGHT="243">
            <Shape><Polygon POINTS="1850 2158 1846 2204 2332 2208 2437 2232 2441 2232 2589 2218 2624 2243 2627 2243 2631 2243 2634 2243 2757 2222 2807 2246 2810 2246 2814 2246 2817 2246 2884 2225 2961 2250 2965 2250 2968 2250 2972 2250 3032 2232 3081 2253 3085 2253 3292 2260 3296 2260 3299 2260 3341 2243 3408 2264 3412 2264 3415 2264 3609 2246 3809 2274 3813 2278 3901 2278 3901 2274 3904 2274 3908 2274 3932 2253 3936 2215 3936 2113 3626 2088 3623 2088 3468 2102 3422 2074 3419 2074 3415 2074 3412 2074 3408 2074 3334 2099 3310 2078 3310 2074 3306 2074 3303 2074 3158 2063 3155 2063 3151 2063 3074 2092 2954 2060 2951 2060 2947 2060 2944 2060 2940 2060 2895 2088 2842 2067 2838 2067 2835 2067 2641 2081 2567 2049 2564 2049 2560 2049 2557 2049 2508 2070 2402 2049 2399 2049 2395 2049 2325 2070 2300 2046 2300 2042 2297 2042 2293 2042 2117 2035 2114 2035 1850 2053 1850 2158"/></Shape>
            <String CONTENT="que ce soit par grace, affin que la pro¬"
                    HPOS="1846"
                    VPOS="2035"
                    WIDTH="2090"
                    HEIGHT="243"
                    WC="0.9967963099479675"></String>
          </TextLine>
          <TextLine ID="eSc_line_5365dee8"
                    TAGREFS="LT8"
                    BASELINE="1846 2303 3936 2369" 
                    HPOS="1843"
                    VPOS="2183"
                    WIDTH="2093"
                    HEIGHT="243">
            <Shape><Polygon POINTS="1846 2303 1843 2334 2064 2369 2068 2369 2166 2348 2195 2369 2195 2373 2198 2373 2202 2373 2205 2373 2209 2373 2212 2373 2237 2352 2283 2376 2286 2376 2290 2376 2293 2376 2363 2355 2402 2380 2406 2380 2409 2380 2413 2380 2416 2380 2504 2359 2835 2394 2838 2397 2990 2397 2990 2394 2993 2394 2997 2394 2997 2390 3014 2376 3106 2397 3109 2397 3334 2387 3377 2412 3380 2412 3384 2412 3387 2412 3391 2412 3443 2390 3496 2415 3500 2415 3503 2415 3507 2415 3577 2394 3823 2426 3827 2426 3932 2408 3936 2369 3936 2239 3728 2260 3700 2236 3700 2232 3697 2232 3693 2232 3690 2232 3686 2232 3658 2246 3570 2229 3566 2229 3563 2229 3559 2229 3524 2253 3464 2225 3461 2225 3457 2225 3454 2225 3401 2250 3264 2246 3243 2225 3243 2222 3239 2222 3236 2222 3232 2222 3106 2239 3078 2218 3078 2215 3074 2215 3070 2215 3067 2215 3063 2215 2983 2236 2958 2211 2958 2208 2954 2208 2951 2208 2947 2208 2733 2229 2631 2229 2599 2201 2599 2197 2596 2197 2592 2197 2589 2197 2490 2218 2353 2194 2349 2194 2346 2194 2342 2194 2311 2215 2279 2187 2275 2187 2272 2187 2180 2183 2177 2183 1846 2197 1846 2303"/></Shape>
            <String CONTENT="messe soit ferme ⁊ stable a toute la se¬"
                    HPOS="1843"
                    VPOS="2183"
                    WIDTH="2093"
                    HEIGHT="243"
                    WC="0.9941515892744064"></String>
          </TextLine>
          <TextLine ID="eSc_line_8dfb988f"
                    TAGREFS="LT8"
                    BASELINE="1839 2447 3918 2524" 
                    HPOS="1836"
                    VPOS="2324"
                    WIDTH="2082"
                    HEIGHT="235">
            <Shape><Polygon POINTS="1839 2447 1836 2492 1931 2482 2093 2503 2096 2503 2188 2492 2209 2510 2209 2514 2212 2514 2216 2514 2219 2514 2223 2514 2272 2496 2406 2521 3911 2559 3918 2524 3918 2422 3711 2415 3640 2383 3637 2383 3633 2383 3457 2405 3341 2373 3338 2373 3334 2373 3331 2373 3278 2397 3169 2366 3165 2366 2954 2359 2951 2359 2947 2359 2881 2383 2754 2359 2750 2359 2599 2373 2501 2345 2497 2345 2494 2345 2318 2362 2254 2334 2251 2334 2247 2334 2145 2355 1885 2324 1881 2324 1878 2324 1839 2338 1839 2447"/></Shape>
            <String CONTENT="mẽce. Car si dieu eust dist. Quicõques"
                    HPOS="1836"
                    VPOS="2324"
                    WIDTH="2082"
                    HEIGHT="235"
                    WC="0.9840727239847183"></String>
          </TextLine>
          <TextLine ID="eSc_line_a20efd67"
                    TAGREFS="LT8"
                    BASELINE="1832 2605 2578 2615 3908 2672" 
                    HPOS="1829"
                    VPOS="2468"
                    WIDTH="2079"
                    HEIGHT="249">
            <Shape><Polygon POINTS="1832 2605 1829 2644 2712 2654 2814 2682 2817 2682 2821 2682 2912 2665 3014 2689 3018 2689 3021 2689 3113 2672 3211 2696 3215 2696 3218 2696 3408 2682 3507 2707 3510 2707 3514 2707 3630 2693 3901 2717 3908 2672 3904 2538 3813 2563 3651 2559 3602 2528 3598 2528 3595 2528 3591 2528 3475 2549 3292 2517 3289 2517 3285 2517 3232 2542 3021 2506 3018 2506 3014 2506 3011 2506 2968 2531 2733 2521 2719 2499 2715 2499 2715 2496 2712 2496 2708 2496 2705 2496 2430 2514 2311 2482 2307 2482 2110 2475 2107 2475 2103 2475 2100 2475 2100 2478 2075 2499 1920 2468 1917 2468 1832 2482 1832 2605"/></Shape>
            <String CONTENT="fera telles oeuures/ sera sauue: nous"
                    HPOS="1829"
                    VPOS="2468"
                    WIDTH="2079"
                    HEIGHT="249"
                    WC="0.9977962326359104"></String>
          </TextLine>
          <TextLine ID="eSc_line_38b89cc5"
                    TAGREFS="LT8"
                    BASELINE="1818 2742 2325 2749 3911 2816" 
                    HPOS="1815"
                    VPOS="2608"
                    WIDTH="2096"
                    HEIGHT="261">
            <Shape><Polygon POINTS="2015 2608 2012 2608 2008 2608 1962 2637 1822 2633 1818 2742 1815 2791 2388 2791 2413 2812 2416 2812 2420 2812 2423 2812 2838 2809 3021 2837 3025 2837 3028 2837 3074 2819 3116 2841 3120 2841 3123 2841 3545 2837 3563 2851 3563 2855 3566 2855 3570 2855 3904 2869 3911 2816 3911 2703 3577 2703 3549 2679 3549 2675 3545 2675 3542 2675 3538 2675 3535 2675 3482 2693 3443 2665 3440 2665 3436 2665 3433 2665 3264 2682 3109 2651 3106 2651 2972 2675 2905 2654 2902 2654 2898 2654 2757 2668 2669 2633 2666 2633 2399 2626 2395 2626 2392 2626 2325 2644 2307 2623 2304 2623 2304 2619 2300 2619 2297 2619 2293 2619 2138 2644 2103 2615 2103 2612 2100 2612 2096 2612 2019 2608 2015 2608"/></Shape>
            <String CONTENT="eussions tousiours estez incertains si"
                    HPOS="1815"
                    VPOS="2608"
                    WIDTH="2096"
                    HEIGHT="261"
                    WC="0.9790566814573187"></String>
          </TextLine>
          <TextLine ID="eSc_line_40de658b"
                    TAGREFS="LT8"
                    BASELINE="1822 2890 2166 2890 3493 2957 3883 2960" 
                    HPOS="1818"
                    VPOS="2763"
                    WIDTH="2065"
                    HEIGHT="253">
            <Shape><Polygon POINTS="1822 2890 1818 2925 2131 2925 2212 2950 2216 2950 2219 2950 2448 2939 2613 2967 2617 2967 2768 2953 2930 2981 2933 2981 3239 2974 3267 2995 3271 2995 3275 2995 3278 2995 3401 2985 3876 3016 3883 2960 3880 2858 3732 2858 3686 2830 3683 2830 3679 2830 3556 2823 3552 2823 3457 2844 3415 2816 3412 2816 3408 2816 3405 2816 3401 2816 3345 2837 3222 2837 3095 2802 3092 2802 3088 2802 2926 2816 2856 2791 2852 2791 2849 2791 2845 2791 2779 2816 2701 2816 2662 2784 2659 2784 2655 2784 2652 2784 2385 2798 2353 2774 2353 2770 2349 2770 2346 2770 2212 2763 2209 2763 2205 2763 2156 2784 1822 2774 1822 2890"/></Shape>
            <String CONTENT="nous serions sauuez ou non. Car noꝰ"
                    HPOS="1818"
                    VPOS="2763"
                    WIDTH="2065"
                    HEIGHT="253"
                    WC="0.9887226462364197"></String>
          </TextLine>
          <TextLine ID="eSc_line_dbcad06b"
                    TAGREFS="LT8"
                    BASELINE="1815 3034 2423 3048 3873 3111" 
                    HPOS="1811"
                    VPOS="2911"
                    WIDTH="2062"
                    HEIGHT="249">
            <Shape><Polygon POINTS="1815 3034 1811 3080 1959 3073 2047 3097 2050 3097 2054 3097 2304 3087 2487 3115 2490 3115 2648 3101 2743 3125 2747 3125 2750 3125 2916 3111 2951 3129 2954 3129 2958 3129 3053 3118 3081 3139 3085 3139 3088 3139 3092 3139 3232 3125 3257 3143 3260 3143 3264 3143 3267 3143 3271 3143 3324 3129 3493 3132 3528 3157 3531 3157 3535 3157 3538 3160 3869 3160 3873 3111 3873 2995 3619 2995 3531 2967 3528 2967 3524 2967 3190 2978 3162 2957 3162 2953 3158 2953 3155 2953 3151 2953 3018 2971 3004 2953 3000 2953 3000 2950 2997 2950 2993 2950 2990 2950 2986 2950 2951 2967 2912 2942 2909 2942 2905 2942 2747 2935 2743 2935 2585 2953 2560 2932 2560 2928 2557 2928 2553 2928 2487 2925 2483 2925 2332 2942 2283 2921 2279 2921 2275 2921 2272 2921 2230 2939 2145 2911 2142 2911 2138 2911 1815 2921 1815 3034"/></Shape>
            <String CONTENT="neussions iamais sceu si nous auriõs"
                    HPOS="1811"
                    VPOS="2911"
                    WIDTH="2062"
                    HEIGHT="249"
                    WC="0.9903429118362633"></String>
          </TextLine>
          <TextLine ID="eSc_line_934642bc"
                    TAGREFS="LT8"
                    BASELINE="1815 3189 2370 3196 3890 3266" 
                    HPOS="1811"
                    VPOS="3051"
                    WIDTH="2083"
                    HEIGHT="264">
            <Shape><Polygon POINTS="1815 3189 1811 3227 2121 3227 2223 3252 2226 3252 2230 3252 2388 3238 2479 3262 2483 3262 2487 3262 2490 3262 2546 3248 2891 3280 2895 3280 3137 3269 3728 3315 3732 3315 3887 3298 3890 3266 3894 3146 3718 3129 3714 3129 3711 3129 3651 3150 3524 3122 3521 3122 3405 3139 3303 3115 3299 3115 3296 3115 3292 3115 3239 3132 3172 3108 3169 3108 3165 3108 3162 3108 3127 3122 2902 3094 2898 3094 2895 3094 2845 3115 2652 3083 2648 3083 2645 3083 2571 3104 2321 3069 2318 3069 2314 3069 2265 3090 1991 3083 1903 3051 1899 3051 1896 3051 1815 3069 1815 3189"/></Shape>
            <String CONTENT="faict de biẽs assez, poͬ auoir merite la"
                    HPOS="1811"
                    VPOS="3051"
                    WIDTH="2083"
                    HEIGHT="264"
                    WC="0.9992823106486622"></String>
          </TextLine>
          <TextLine ID="eSc_line_eba29f26"
                    TAGREFS="LT8"
                    BASELINE="1815 3333 2402 3347 3883 3414" 
                    HPOS="1811"
                    VPOS="3206"
                    WIDTH="2072"
                    HEIGHT="260">
            <Shape><Polygon POINTS="1815 3333 1811 3361 2050 3393 2054 3393 2057 3393 2131 3375 2300 3403 2304 3403 2307 3403 2360 3386 2550 3414 2553 3414 2624 3400 2722 3421 2726 3424 3285 3424 3633 3459 3637 3459 3795 3449 3841 3466 3844 3466 3848 3466 3851 3466 3855 3466 3880 3445 3883 3414 3883 3308 3598 3277 3595 3277 3503 3291 3471 3269 3468 3269 3464 3269 3461 3269 3457 3269 3387 3287 3127 3255 3123 3255 2975 3269 2838 3245 2835 3245 2747 3259 2694 3238 2691 3238 2687 3238 2557 3252 2472 3227 2469 3227 2465 3227 2304 3241 2082 3234 2061 3213 2061 3210 2057 3210 2054 3210 2050 3210 2047 3210 2043 3210 2026 3227 1969 3206 1966 3206 1962 3206 1815 3213 1815 3333"/></Shape>
            <String CONTENT="uie eternelle. Mais maintenãt Dieu"
                    HPOS="1811"
                    VPOS="3206"
                    WIDTH="2072"
                    HEIGHT="260"
                    WC="0.998268733705793"></String>
          </TextLine>
          <TextLine ID="eSc_line_478153f3"
                    TAGREFS="LT8"
                    BASELINE="1801 3480 3851 3551" 
                    HPOS="1797"
                    VPOS="3361"
                    WIDTH="2054"
                    HEIGHT="250">
            <Shape><Polygon POINTS="1801 3480 1797 3537 2061 3523 2100 3554 2103 3554 2107 3554 2110 3554 2114 3554 2209 3526 2413 3565 2416 3565 2420 3565 2472 3537 2546 3565 2550 3565 2553 3565 2557 3565 2617 3544 2648 3568 2652 3568 2655 3568 2659 3568 2662 3568 2722 3544 2877 3547 2919 3579 2923 3579 2926 3579 2930 3579 2933 3579 3028 3554 3162 3589 3165 3589 3236 3593 3239 3593 3243 3593 3246 3593 3289 3565 3479 3600 3482 3600 3486 3600 3524 3582 3556 3604 3559 3604 3563 3604 3566 3604 3570 3604 3605 3586 3637 3607 3640 3607 3644 3607 3844 3611 3851 3551 3851 3442 3373 3438 3232 3407 3229 3407 3060 3424 3028 3403 3025 3403 3021 3403 3018 3403 2912 3414 2884 3396 2881 3396 2877 3396 2873 3396 2764 3414 2726 3389 2722 3389 2719 3389 2715 3389 2712 3389 2708 3389 2684 3410 2525 3410 2381 3386 2377 3386 2374 3386 2370 3386 2356 3400 2332 3378 2328 3378 2325 3378 2321 3378 2240 3396 2173 3371 2170 3371 2166 3371 2040 3389 2008 3364 2005 3364 2001 3364 1998 3364 1994 3364 1934 3382 1804 3361 1801 3480"/></Shape>
            <String CONTENT="le nous a promis/ a cause de nr̃e foy:"
                    HPOS="1797"
                    VPOS="3361"
                    WIDTH="2054"
                    HEIGHT="250"
                    WC="0.9885566454184683"></String>
          </TextLine>
          <TextLine ID="eSc_line_012e11a4"
                    TAGREFS="LT8"
                    BASELINE="1797 3632 2543 3649 3858 3705" 
                    HPOS="1794"
                    VPOS="3516"
                    WIDTH="2064"
                    HEIGHT="246">
            <Shape><Polygon POINTS="1797 3632 1794 3674 1857 3688 1860 3688 1864 3688 1917 3667 2008 3695 2012 3695 2015 3695 2117 3681 2191 3702 2195 3702 2198 3702 2202 3702 2258 3681 2430 3702 2434 3702 2557 3691 2771 3723 2775 3723 2916 3705 2940 3727 2940 3730 2944 3730 2947 3730 2951 3730 2954 3730 3025 3709 3116 3737 3120 3737 3123 3737 3282 3720 3306 3741 3306 3744 3310 3744 3313 3744 3317 3744 3471 3727 3500 3748 3500 3751 3503 3751 3507 3751 3851 3762 3858 3705 3851 3586 3774 3604 3514 3596 3408 3565 3405 3565 3401 3565 3134 3579 3099 3558 3095 3558 3092 3558 3088 3558 2888 3568 2666 3537 2662 3537 2659 3537 2606 3558 2550 3533 2546 3533 2543 3533 2377 3544 2349 3526 2346 3526 2342 3526 2339 3526 2124 3533 2068 3516 2064 3516 2061 3516 2057 3516 2054 3516 2026 3533 2019 3523 2015 3523 2015 3519 2012 3519 2008 3519 2005 3519 1927 3533 1797 3516 1797 3632"/></Shape>
            <String CONTENT="par sa grace/ non point par noz oeu¬"
                    HPOS="1794"
                    VPOS="3516"
                    WIDTH="2064"
                    HEIGHT="246"
                    WC="0.9824621544943916"></String>
          </TextLine>
          <TextLine ID="eSc_line_13eb17a1"
                    TAGREFS="LT8"
                    BASELINE="1790 3776 3841 3853" 
                    HPOS="1787"
                    VPOS="3656"
                    WIDTH="2054"
                    HEIGHT="253">
            <Shape><Polygon POINTS="1790 3776 1787 3822 2156 3822 2283 3853 2286 3853 2290 3853 2293 3853 2339 3829 2363 3853 2363 3857 2367 3857 2370 3857 2536 3864 2539 3864 2543 3864 2624 3839 2694 3867 2698 3867 2701 3867 2705 3867 2764 3850 2810 3874 2814 3874 2817 3874 2821 3874 2824 3874 2859 3850 3032 3874 3035 3874 3039 3874 3092 3857 3183 3888 3187 3888 3190 3888 3331 3867 3369 3895 3373 3895 3377 3895 3380 3895 3521 3881 3552 3902 3556 3902 3559 3902 3563 3902 3566 3902 3640 3878 3672 3902 3676 3902 3679 3902 3834 3909 3841 3853 3841 3751 3718 3748 3690 3723 3686 3723 3683 3723 3679 3723 3521 3737 3475 3713 3471 3713 3468 3713 3464 3713 3461 3713 3426 3734 3285 3705 3282 3705 3278 3705 3229 3727 3201 3705 3197 3705 3194 3705 3190 3705 3035 3720 3004 3698 3000 3698 2997 3698 2993 3698 2662 3705 2606 3684 2603 3684 2599 3684 2596 3684 2539 3702 2349 3670 2237 3667 2233 3667 2230 3667 2226 3667 2198 3688 1973 3656 1969 3656 1966 3656 1962 3656 1941 3677 1885 3656 1881 3656 1878 3656 1790 3670 1790 3776"/></Shape>
            <String CONTENT="ures: affin que soyons tant plus cer¬"
                    HPOS="1787"
                    VPOS="3656"
                    WIDTH="2054"
                    HEIGHT="253"
                    WC="0.9892977798307264"></String>
          </TextLine>
          <TextLine ID="eSc_line_0294b99d"
                    TAGREFS="LT8"
                    BASELINE="1783 3931 2620 3948 3823 4004" 
                    HPOS="1779"
                    VPOS="3804"
                    WIDTH="2044"
                    HEIGHT="250">
            <Shape><Polygon POINTS="1783 3931 1779 3955 1987 3990 1991 3990 1994 3990 2082 3969 2244 3976 2272 4001 2275 4001 2279 4001 2283 4001 2402 3983 2437 4008 2441 4008 2444 4008 2448 4008 2589 3990 2624 4015 2627 4015 2631 4015 2719 4018 2958 4025 2961 4025 2965 4025 2968 4025 3000 4004 3271 4040 3275 4040 3433 4022 3450 4043 3454 4043 3454 4047 3457 4047 3461 4047 3637 4054 3640 4054 3820 4032 3823 4004 3823 3885 3735 3899 3707 3878 3704 3878 3700 3878 3697 3878 3693 3878 3640 3895 3271 3860 3267 3860 3004 3871 2912 3846 2909 3846 2905 3846 2638 3857 2539 3832 2536 3832 2532 3832 2395 3846 2367 3825 2363 3825 2360 3825 2356 3825 2272 3843 2219 3822 2216 3822 2212 3822 2110 3836 2082 3814 2078 3814 2075 3814 2071 3814 1903 3829 1811 3804 1808 3804 1804 3804 1801 3804 1797 3804 1783 3811 1783 3931"/></Shape>
            <String CONTENT="tains. Car nous croyrons fermement"
                    HPOS="1779"
                    VPOS="3804"
                    WIDTH="2044"
                    HEIGHT="250"
                    WC="0.9861218491021324"></String>
          </TextLine>
          <TextLine ID="eSc_line_91e9ab09"
                    TAGREFS="LT8"
                    BASELINE="1794 4082 2508 4092 3795 4152" 
                    HPOS="1790"
                    VPOS="3955"
                    WIDTH="2005"
                    HEIGHT="243">
            <Shape><Polygon POINTS="1794 4082 1790 4120 2166 4117 2209 4138 2212 4138 2216 4138 2346 4124 2423 4149 2427 4149 2430 4149 2529 4131 2726 4163 2729 4163 2810 4149 2923 4170 2926 4170 2930 4170 2933 4170 2968 4149 3158 4152 3257 4184 3260 4184 3264 4184 3267 4184 3327 4166 3380 4187 3384 4187 3788 4198 3795 4152 3795 4047 3486 4040 3464 4018 3464 4015 3461 4015 3457 4015 3454 4015 3106 4022 2990 3994 2986 3994 2983 3994 2979 3994 2895 4015 2532 3976 2529 3976 2525 3976 2462 3994 2261 3966 2258 3966 2254 3966 2195 3987 2078 3966 2075 3966 2071 3966 2029 3980 1991 3955 1987 3955 1983 3955 1980 3955 1794 3969 1794 4082"/></Shape>
            <String CONTENT="⁊ scaurõs de uray/ que nous sommes"
                    HPOS="1790"
                    VPOS="3955"
                    WIDTH="2005"
                    HEIGHT="243"
                    ></String>
          </TextLine>
          <TextLine ID="eSc_line_fe01b0a9"
                    TAGREFS="LT8"
                    BASELINE="1776 4226 2265 4233 3802 4296" 
                    HPOS="1772"
                    VPOS="4099"
                    WIDTH="2030"
                    HEIGHT="257">
            <Shape><Polygon POINTS="1776 4226 1772 4250 1924 4286 1927 4286 2071 4265 2110 4289 2114 4289 2117 4289 2121 4289 2124 4289 2128 4289 2156 4268 2216 4268 2247 4296 2247 4300 2251 4300 2254 4300 2258 4300 2261 4300 2318 4282 2370 4303 2374 4303 2377 4303 2779 4293 2888 4324 2891 4324 2895 4324 3158 4307 3275 4338 3278 4338 3369 4342 3373 4342 3377 4342 3380 4342 3412 4317 3503 4345 3507 4345 3795 4356 3802 4296 3802 4191 3595 4191 3538 4159 3535 4159 3531 4159 3306 4177 3253 4149 3250 4149 3246 4149 3243 4149 3176 4166 3141 4145 3137 4145 3134 4145 3130 4145 3127 4145 3099 4159 2975 4138 2972 4138 2968 4138 2902 4159 2863 4134 2859 4134 2856 4134 2852 4134 2726 4145 2627 4124 2624 4124 2469 4145 2413 4117 2409 4117 2406 4117 2402 4117 2399 4117 2399 4120 2377 4141 2290 4141 2254 4110 2251 4110 2247 4110 2244 4110 2240 4110 2191 4134 2089 4134 1998 4099 1994 4099 1991 4099 1987 4099 1931 4124 1779 4120 1776 4226"/></Shape>
            <String CONTENT="enfans de dieu. Non point que layõs"
                    HPOS="1772"
                    VPOS="4099"
                    WIDTH="2030"
                    HEIGHT="257"
                    WC="0.9911265538798438"></String>
          </TextLine>
          <TextLine ID="eSc_line_204eea26"
                    TAGREFS="LT8"
                    BASELINE="1779 4367 3785 4447" 
                    HPOS="1776"
                    VPOS="4250"
                    WIDTH="2009"
                    HEIGHT="250">
            <Shape><Polygon POINTS="1779 4367 1776 4395 1952 4433 1955 4433 1959 4433 2033 4416 2233 4444 2237 4444 2240 4444 2297 4419 2349 4447 2353 4447 2356 4447 2360 4447 2444 4426 2648 4458 2652 4458 2655 4458 2659 4458 2687 4437 2733 4461 2736 4461 2740 4461 2912 4444 3148 4454 3165 4479 3169 4479 3169 4483 3172 4483 3176 4483 3359 4490 3362 4490 3366 4490 3454 4468 3556 4497 3559 4497 3563 4500 3781 4500 3785 4447 3785 4342 1779 4250 1779 4367"/></Shape>
            <String CONTENT="desseruy/ mais pourtant quil le nous"
                    HPOS="1776"
                    VPOS="4250"
                    WIDTH="2009"
                    HEIGHT="250"
                    WC="0.9940124435557259"></String>
          </TextLine>
          <TextLine ID="eSc_line_004e89dd"
                    TAGREFS="LT8"
                    BASELINE="1779 4518 3774 4592" 
                    HPOS="1776"
                    VPOS="4402"
                    WIDTH="1998"
                    HEIGHT="246">
            <Shape><Polygon POINTS="1779 4518 1776 4546 1881 4581 1885 4581 1889 4581 1994 4560 2321 4567 2346 4595 2346 4599 2349 4599 2353 4599 2356 4599 2483 4577 2536 4606 2539 4606 2543 4606 2676 4585 2750 4613 2754 4613 2757 4613 2877 4592 2926 4616 2930 4616 3070 4623 3074 4623 3078 4623 3081 4623 3081 4620 3106 4599 3180 4627 3183 4627 3187 4627 3401 4620 3697 4648 3700 4648 3704 4648 3771 4620 3774 4592 3774 4493 3528 4486 3496 4461 3493 4461 3489 4461 3486 4461 3211 4472 3113 4440 3109 4440 3106 4440 3102 4440 3099 4440 3074 4458 3021 4437 3018 4437 3014 4437 2923 4454 2831 4430 2828 4430 2624 4423 2620 4423 2617 4423 2560 4444 2543 4423 2539 4423 2539 4419 2536 4419 2532 4419 2529 4419 2275 4437 2240 4416 2237 4416 2233 4416 2230 4416 2093 4430 2050 4402 2047 4402 2043 4402 2040 4402 2036 4402 1969 4426 1779 4419 1779 4518"/></Shape>
            <String CONTENT="a promis ⁊ il est necessaire que les pa¬"
                    HPOS="1776"
                    VPOS="4402"
                    WIDTH="1998"
                    HEIGHT="246"
                    WC="0.9959515273571015"></String>
          </TextLine>
          <TextLine ID="eSc_line_c17c3bb3"
                    TAGREFS="LT8"
                    BASELINE="1772 4665 3788 4746" 
                    HPOS="1769"
                    VPOS="4546"
                    WIDTH="2023"
                    HEIGHT="278">
            <Shape><Polygon POINTS="1772 4665 1769 4722 1874 4746 1878 4746 2019 4736 2117 4767 2121 4767 2124 4767 2195 4753 2307 4771 2311 4771 2314 4771 2370 4750 2465 4785 2469 4785 2472 4785 2638 4774 2648 4788 2652 4788 2652 4792 2655 4792 2659 4792 2757 4795 2761 4795 2764 4795 2768 4795 2796 4774 2831 4788 2835 4788 2838 4788 2842 4788 2909 4771 3085 4810 3088 4810 3282 4788 3341 4820 3345 4820 3348 4820 3464 4803 3496 4824 3500 4824 3503 4824 3507 4824 3510 4824 3602 4799 3778 4824 3788 4746 3792 4644 3700 4616 3697 4616 3693 4616 3566 4634 3514 4609 3510 4609 3507 4609 3503 4609 3500 4609 3500 4613 3479 4630 3401 4606 3398 4606 3394 4606 3282 4623 3250 4599 3246 4599 3243 4599 3239 4599 3106 4616 2919 4585 2916 4585 2912 4585 2909 4585 2881 4602 2831 4581 2828 4581 2824 4581 2691 4599 2655 4574 2652 4574 2648 4574 2040 4574 1966 4546 1962 4546 1959 4546 1955 4546 1906 4567 1772 4563 1772 4665"/></Shape>
            <String CONTENT="rolles de dieu soyẽt urayes. Poͬ ceste"
                    HPOS="1769"
                    VPOS="4546"
                    WIDTH="2023"
                    HEIGHT="278"
                    WC="0.9977789765749222"></String>
          </TextLine>
        </TextBlock>
        <TextBlock HPOS="3400"
                   VPOS="4777"
                   WIDTH="404"
                   HEIGHT="187"
                   ID="eSc_textblock_fe6965c2"
                   TAGREFS="BT17">
          <Shape><Polygon POINTS="3400 4777 3400 4964 3804 4964 3804 4777"/></Shape>
          <TextLine ID="eSc_line_7888bbd5"
                    TAGREFS="LT8"
                    BASELINE="3436 4890 3783 4905" 
                    HPOS="3428"
                    VPOS="4767"
                    WIDTH="353"
                    HEIGHT="222">
            <Shape><Polygon POINTS="3433 4889 3428 4989 3776 4968 3781 4904 3781 4804 3676 4767 3670 4767 3433 4767 3433 4889"/></Shape>
            <String CONTENT="cause,"
                    HPOS="3428"
                    VPOS="4767"
                    WIDTH="353"
                    HEIGHT="222"
                    WC="0.9999166329701742"></String>
          </TextLine>
        </TextBlock>
        <TextBlock HPOS="1363"
                   VPOS="1854"
                   WIDTH="482"
                   HEIGHT="217"
                   ID="eSc_textblock_d3773a3c"
                   TAGREFS="BT13">
          <Shape><Polygon POINTS="1363 1854 1363 2071 1845 2071 1845 1854"/></Shape>
          <TextLine ID="eSc_line_84e3ac38"
                    TAGREFS="LT8"
                    BASELINE="1407 2011 1843 2011" 
                    HPOS="1402"
                    VPOS="1867"
                    WIDTH="438"
                    HEIGHT="279">
            <Shape><Polygon POINTS="1402 2009 1402 2099 1582 2146 1587 2146 1840 2109 1840 2009 1840 1882 1402 1867 1402 2009"/></Shape>
            <String CONTENT="Rom.4."
                    HPOS="1402"
                    VPOS="1867"
                    WIDTH="438"
                    HEIGHT="279"
                    WC="0.9687133729457855"></String>
          </TextLine>
        </TextBlock>
      </PrintSpace>
    </Page>
  </Layout>
</alto>
