4267 7486
2767 667 225 306 43

1128 731 961 229 Chapitre .iiii.

362 873 2430 306 tes bõnes oeuures/ q̃ dieu ta faict son

362 1093 2435 262 heritier/ tu ne seras point aussi descon

370 1285 2423 245 forte/ ne en desespoir/ pour tes pechez.

366 1443 2423 266 Car cest seulemẽt ꝑ la grace de Dieu/

378 1642 2423 229 que nous sommes sauues: nõ pas par

370 1796 2427 246 noz bõnes oeuures. Car deuant q̃ eus¬

370 1967 2427 258 sions faict aucũ biẽ/ Dieu nous a ap¬

366 2145 2435 258 pelle ses heritiers/ et ses enfans/ mes¬

362 2328 2410 242 memẽt/ quãd noꝰ estiõs ses ennemyz

362 2495 2443 243 cõe dit sainct Paul. Quãd noꝰ estiõs

368 2676 2437 218 mortz en noz pechez/ il noꝰ a receu en

387 2863 2418 218 grace/ ⁊ nous a pardõne tous noz pe¬

393 3025 2412 225 chez/ et faict ses enfans. Et ainsi som

381 3200 2442 218 mes nous faictz siens/ et il est faict no

403 3381 2269 228 stre/ et sommes faictz un auec luy.

553 3551 2286 216 Pourtant si quelcũ nous ueult de¬

424 3722 2398 245 sconforter/ soit ange/ ou diable/ nous

418 3874 2811 293 ne le croyrons point/ car nul ne peut

445 4079 2385 237 destruire les ꝓmesses de Dieu. Si tu

449 4262 2377 208 scais seuremẽt/ ⁊ fermement croire en

441 4429 2393 233 Dieu/ il tiendra sa promesse. Car il le

437 4620 2402 212 nous a iure/ affin q̃ le croyons. Mais

445 4791 2402 216 si tu ne le croys/ et si par tes pechez tu

441 4965 2393 212 uiens en desespoir/ Dieu demeure fer

424 5140 2399 231 me a sa ꝓmesse/ mais tu ne tiẽs point

431 5321 2392 293 de foy. Cõe dit sainct Paul a Timo¬

2468 5498 366 278 thee.

2811 2489 468 243 Rom.5.

2817 2726 481 181 Rom.8.

2811 2857 531 212 ⁊ Eph.2.

2811 3025 500 243 Ioã.17.

2848 3980 406 168 Gal.1.

2848 5084 513 262 2.Timo

2848 5308 413 275 thee.2.
