4267 6633
1693 718 260 282 116

2202 724 1666 293 De quatre manieres de Foy.

1925 950 2137 238 rance, toute leur fiance, tout leur con¬

1937 1122 2097 237 fort, tout leur refuge/ finablem̃t tout

1920 1260 2142 226 leur salut en Dieu seul/ querantz tou

1920 1426 2147 248 tes ces choses en luy/ ⁊ les attendantz

1932 1580 2117 225 de luy, et point de leurs merites ou

1925 1735 2124 218 bonnes oeuures. De ceste foy parle

1925 1873 2115 216 S. Paul, disant: Quiconques inuoc¬

1914 2039 2120 216 quera le nom de Dieu/ sera sauue. Et

1891 2196 2147 228 Hieremie. Beneit est lhomme qui se

1899 2351 2128 217 confie au Seigneur Dieu/ et le Sei¬

1895 2509 2121 214 gneur Dieu sera sa fiance. Et Iesus

1881 2647 2131 227 Christ en Leuangile. Affin que chascũ

1892 2780 2120 254 qui croit en luy ait uie eternelle. Et en

1903 2940 2087 240 un autre passaige. Croyez en uostre

1891 3088 2077 235 Seigneur Dieu/ et uous serez asseu¬

1881 3239 2092 248 rez/ ⁊ sans soussy, croyes ses ꝓphetes,

1880 3397 2055 232 et toutes choses heureuses uous ad¬

1880 3548 2069 232 uiendront. Et pres que tous les

1877 3707 2076 224 pseaulmes/ tous les Prophetes, mes¬

1869 3858 2084 221 mement tous les fueilletz de la sain¬

1866 4012 2072 222 cte Bible nous enseignent quil nous

1873 4160 2047 225 fault croire/ et esperer en Dieu par

1866 4311 2039 214 une ferme fiance. Et ceste est la foy de

1855 4462 2046 225 laquelle parle tant S. Paul, ⁊ laquel

1847 4617 2036 225 le est tãt prisee en toutes ses Epistres.

1847 4775 2029 251 Et (comme nous auons abondam¬

3562 4956 325 166 ment

1444 1862 487 188 Rom.10.

1444 2050 426 149 Hiere.18.

1464 2155 409 232 Iehã.3.
