4267 6154
2348 523 252 277 i0z

851 601 824 181 Chapitre .xi.

345 755 2051 202 ne amoindrissons aucunemẽt sa gloi¬

345 916 2048 171 re en elle mesme par noz pechez/ car el

359 1066 2044 181 le ne peut estre augmentee ne dimi¬

379 1210 2000 184 nuee/ par ce q̃lle est infinie. Et poͬce q̃

379 1353 1990 182 ne pouõs faire q̃lq̃ ẽnuy ꝑ noz pechez/

379 1497 2010 171 pourtãt est il facillem̃t appaise/ moyẽ

365 1641 2021 184 nãt q̃ dũ coeur entier ⁊ sans q̃lq̃ fanti¬

352 1788 2031 181 se noꝰ uoulõs recõgnoistre nr̃e defaul

341 1924 2028 195 te/ ⁊ demãder hũblement pardon. Et

345 2082 2031 181 quãd noꝰ faisons du biẽ/ noꝰ ne aug¬

345 2225 2034 181 mẽtons pareillemẽt point la gloire de

359 2372 2003 178 Dieu en elle mesme par noz bonnes

355 2516 2007 167 oeuures. Car dieu demeure tousiours

369 2646 2007 188 tout un. Tout le dãger qͥ est en nr̃e pe

362 2793 2010 191 che/ cest le mauuais exẽple q̃ dõnõs a

365 2950 1994 174 nostre ꝓchain: ⁊ q̃ contemnons le bon

362 3087 2014 178 conseil de nostre bon Dieu/ qͥl nous a

362 3230 2010 195 baille en ses sainctz cõmandemens/ et

379 3374 2028 198 sommes ingratz de la grand grace qͥl

376 3524 1989 199 nous a faict, quest chose horrible pour

369 3675 1993 184 nous/ et digne de punition eternelle/

365 3815 2014 191 pourtãt q̃ celuy est infiny ⁊ eternel/ le

365 3959 2000 198 sainct cõmãdement duquel nous des¬

359 4112 2003 185 prisons. Mais pour ce q̃ sa ꝓpre natu¬

355 4253 2021 188 re est bonte ⁊ misericorde/ il est prest de

355 4410 2004 229 pardonner a celuy qui le confesse estre

1630 4548 739 205 G 4 tel.
