<?xml version="1.0" encoding="UTF-8"?>
<alto xmlns:xsi="http://www.w3.org/2001/XMLSchema-instance"
      xmlns="http://www.loc.gov/standards/alto/ns-v4#"
      xsi:schemaLocation="http://www.loc.gov/standards/alto/ns-v4# http://www.loc.gov/standards/alto/v4/alto-4-2.xsd">
  <Description>
    <MeasurementUnit>pixel</MeasurementUnit>
    <sourceImageInformation>
      <fileName>La_somme_de_lescripture_saincte_...Luther_Martin_bpt6k328613m.pdf_page_99.png</fileName>
      <fileIdentifier>pdf//La_somme_de_lescripture_saincte_...Luther_Martin_bpt6k328613m.pdf</fileIdentifier>
    </sourceImageInformation>
  </Description>
  <Tags>
    <OtherTag ID="BT7" LABEL="CustomZone" DESCRIPTION="block type CustomZone"/><OtherTag ID="BT8" LABEL="DamageZone" DESCRIPTION="block type DamageZone"/><OtherTag ID="BT9" LABEL="DigitizationArtefactZone" DESCRIPTION="block type DigitizationArtefactZone"/><OtherTag ID="BT10" LABEL="DropCapitalZone" DESCRIPTION="block type DropCapitalZone"/><OtherTag ID="BT11" LABEL="GraphicZone" DESCRIPTION="block type GraphicZone"/><OtherTag ID="BT12" LABEL="MainZone" DESCRIPTION="block type MainZone"/><OtherTag ID="BT13" LABEL="MarginTextZone" DESCRIPTION="block type MarginTextZone"/><OtherTag ID="BT14" LABEL="MusicZone" DESCRIPTION="block type MusicZone"/><OtherTag ID="BT15" LABEL="NumberingZone" DESCRIPTION="block type NumberingZone"/><OtherTag ID="BT17" LABEL="QuireMarksZone" DESCRIPTION="block type QuireMarksZone"/><OtherTag ID="BT18" LABEL="RunningTitleZone" DESCRIPTION="block type RunningTitleZone"/><OtherTag ID="BT19" LABEL="SealZone" DESCRIPTION="block type SealZone"/><OtherTag ID="BT20" LABEL="StampZone" DESCRIPTION="block type StampZone"/><OtherTag ID="BT21" LABEL="TableZone" DESCRIPTION="block type TableZone"/><OtherTag ID="BT22" LABEL="TitlePageZone" DESCRIPTION="block type TitlePageZone"/><OtherTag ID="BT3120" LABEL="text" DESCRIPTION="block type text"/>
    <OtherTag ID="LT7" LABEL="CustomLine" DESCRIPTION="line type CustomLine"/><OtherTag ID="LT8" LABEL="DefaultLine" DESCRIPTION="line type DefaultLine"/><OtherTag ID="LT9" LABEL="DropCapitalLine" DESCRIPTION="line type DropCapitalLine"/><OtherTag ID="LT10" LABEL="HeadingLine" DESCRIPTION="line type HeadingLine"/><OtherTag ID="LT11" LABEL="InterlinearLine" DESCRIPTION="line type InterlinearLine"/><OtherTag ID="LT12" LABEL="MusicLine" DESCRIPTION="line type MusicLine"/><OtherTag ID="LT958" LABEL="default" DESCRIPTION="line type default"/>
  </Tags>
  <Layout>
    <Page WIDTH="4267"
          HEIGHT="7306"
          PHYSICAL_IMG_NR="98"
          ID="eSc_dummypage_">
      <PrintSpace HPOS="0"
                  VPOS="0"
                  WIDTH="4267"
                  HEIGHT="7306">
        <TextBlock HPOS="2757"
                   VPOS="535"
                   WIDTH="296"
                   HEIGHT="233"
                   ID="eSc_textblock_cad85d26"
                   TAGREFS="BT15">
          <Shape><Polygon POINTS="2757 535 2757 768 3053 768 3053 535"/></Shape>
          <TextLine ID="eSc_line_8e2cd763"
                    TAGREFS="LT8"
                    BASELINE="2813 706 2998 706" 
                    HPOS="2813"
                    VPOS="543"
                    WIDTH="236"
                    HEIGHT="220">
            <Shape><Polygon POINTS="2854 547 2813 556 2813 706 2817 763 2902 738 2978 733 3049 546 2894 543"/></Shape>
            <String CONTENT="95/"
                    HPOS="2813"
                    VPOS="543"
                    WIDTH="236"
                    HEIGHT="220"
                    WC="1.0"></String>
          </TextLine>
        </TextBlock>
        <TextBlock HPOS="1177"
                   VPOS="514"
                   WIDTH="1044"
                   HEIGHT="241"
                   ID="eSc_textblock_341e9040"
                   TAGREFS="BT18">
          <Shape><Polygon POINTS="1177 514 1177 755 2221 734 2221 514"/></Shape>
          <TextLine ID="eSc_line_64b900f9"
                    TAGREFS="LT10"
                    BASELINE="1230 701 2180 697" 
                    HPOS="1161"
                    VPOS="535"
                    WIDTH="1108"
                    HEIGHT="240">
            <Shape><Polygon POINTS="2009 535 2005 535 1908 568 1818 535 1806 535 1766 535 1725 535 1684 535 1644 535 1603 535 1595 535 1469 547 1449 535 1441 535 1400 535 1368 535 1291 547 1238 535 1197 572 1165 608 1161 694 1161 750 1201 771 1205 771 1209 771 1213 771 1295 746 1364 771 1368 771 1372 775 1571 775 1571 771 1575 771 1579 771 1611 746 1778 767 1782 767 1891 746 1969 771 1973 771 1977 771 1981 771 1985 771 2017 746 2228 767 2232 767 2237 767 2241 767 2269 742 2269 690 2261 572 2119 572 2082 535 2050 535"/></Shape>
            <String CONTENT="Chapitre xi."
                    HPOS="1161"
                    VPOS="535"
                    WIDTH="1108"
                    HEIGHT="240"
                    WC="0.9577513734499613"></String>
          </TextLine>
        </TextBlock>
        <TextBlock HPOS="414"
                   VPOS="3070"
                   WIDTH="413"
                   HEIGHT="337"
                   ID="eSc_textblock_25f2554f"
                   TAGREFS="BT10">
          <Shape><Polygon POINTS="414 3070 414 3407 827 3407 827 3070"/></Shape>
          <TextLine ID="eSc_line_c9a337b6"
                    TAGREFS="LT9"
                    BASELINE="448 3336 796 3329" 
                    HPOS="438"
                    VPOS="3074"
                    WIDTH="354"
                    HEIGHT="335">
            <Shape><Polygon POINTS="682 3074 621 3074 560 3074 499 3074 438 3074 444 3330 444 3409 792 3372 792 3324 774 3074 743 3074"/></Shape>
            <String CONTENT="N"
                    HPOS="438"
                    VPOS="3074"
                    WIDTH="354"
                    HEIGHT="335"
                    WC="1.0"></String>
          </TextLine>
        </TextBlock>
        <TextBlock HPOS="318"
                   VPOS="762"
                   WIDTH="2597"
                   HEIGHT="4631"
                   ID="eSc_textblock_547d8b91"
                   TAGREFS="BT12">
          <Shape><Polygon POINTS="318 762 352 5393 2915 5372 2915 762"/></Shape>
          <TextLine ID="eSc_line_38b7b6c3"
                    TAGREFS="LT8"
                    BASELINE="365 933 2844 902" 
                    HPOS="361"
                    VPOS="722"
                    WIDTH="2655"
                    HEIGHT="280">
            <Shape><Polygon POINTS="365 1002 491 974 645 990 649 990 852 966 1128 990 1132 990 1331 957 1538 986 1542 986 1546 986 1550 986 1550 982 1575 961 1786 982 1790 982 1794 982 1863 949 2529 970 2533 970 2691 941 2744 966 2748 966 2752 966 2963 961 2967 961 2971 961 3016 933 3016 888 3004 771 2768 771 2728 738 2724 738 2720 738 2716 738 2712 738 2622 763 2419 722 2415 722 2411 722 2204 779 2103 767 2058 726 2054 726 2050 726 2046 726 2042 726 1920 767 1875 730 1871 730 1867 730 1863 730 1859 730 1701 771 1672 746 1668 746 1664 746 1660 746 1656 746 1530 787 1400 754 1396 754 1392 754 1388 754 1384 754 1323 795 1153 742 1148 742 1144 742 767 779 702 759 698 759 694 759 690 759 592 799 434 754 430 754 426 754 422 754 361 779 365 933"/></Shape>
            <String CONTENT="feras tu diligence de garder cest heri¬"
                    HPOS="361"
                    VPOS="722"
                    WIDTH="2655"
                    HEIGHT="280"
                    WC="0.999183156551459"></String>
          </TextLine>
          <TextLine ID="eSc_line_17ee61e1"
                    TAGREFS="LT8"
                    BASELINE="365 1108 2850 1071" 
                    HPOS="361"
                    VPOS="917"
                    WIDTH="2489"
                    HEIGHT="251">
            <Shape><Polygon POINTS="365 1108 369 1160 442 1144 617 1168 621 1168 625 1168 629 1168 669 1136 978 1160 982 1160 986 1160 990 1160 1031 1132 1181 1160 1185 1160 1189 1160 1193 1160 1193 1156 1226 1128 1323 1156 1327 1156 1331 1156 1335 1156 1392 1128 1502 1144 1506 1144 1510 1144 1514 1144 1542 1124 1668 1124 1733 1152 1737 1152 1741 1152 1839 1148 1843 1148 1847 1148 1847 1144 1875 1116 2066 1116 2163 1144 2168 1144 2172 1144 2176 1144 2269 1116 2387 1140 2391 1140 2582 1116 2846 1132 2850 1071 2841 953 2679 917 2675 917 2671 917 2537 957 2379 957 2330 921 2326 921 2322 921 2318 921 2314 921 2310 921 2249 961 2139 961 2029 925 2025 925 2021 925 2017 925 2013 925 2013 929 1981 966 1680 966 1575 933 1571 933 1567 933 1563 933 1559 933 1530 957 1404 941 1400 941 1396 941 1343 970 1307 945 1303 945 1299 945 1295 945 1291 945 1177 978 1112 978 1079 945 1079 941 1075 941 1071 941 913 941 909 941 803 961 669 945 665 945 661 945 604 970 507 953 503 953 361 986 365 1108"/></Shape>
            <String CONTENT="taige a lhõneur de ton pere/ ⁊ te garde"
                    HPOS="361"
                    VPOS="917"
                    WIDTH="2489"
                    HEIGHT="251"
                    WC="0.9941967830061913"></String>
          </TextLine>
          <TextLine ID="eSc_line_130b4c97"
                    TAGREFS="LT8"
                    BASELINE="365 1282 2074 1250 2870 1262" 
                    HPOS="361"
                    VPOS="1104"
                    WIDTH="2509"
                    HEIGHT="235">
            <Shape><Polygon POINTS="365 1282 365 1331 466 1315 645 1339 649 1339 653 1339 657 1339 702 1311 925 1331 929 1331 933 1331 1019 1306 1116 1331 1120 1331 1124 1331 1311 1302 1518 1302 1575 1327 1579 1327 1583 1327 1587 1327 1591 1327 1591 1323 1615 1302 1672 1323 1676 1323 1680 1323 1794 1298 1924 1323 1928 1323 1932 1323 1936 1323 1936 1319 1940 1319 1952 1302 1965 1315 1969 1315 1973 1315 1977 1315 1981 1315 2038 1294 2111 1319 2115 1319 2119 1319 2318 1294 2561 1315 2565 1315 2870 1282 2870 1262 2866 1132 2565 1104 2561 1104 2557 1104 2464 1136 2147 1136 1993 1112 1989 1112 1774 1140 1400 1120 1396 1120 1392 1120 1343 1144 1311 1128 1307 1128 1303 1128 1299 1128 1295 1128 1270 1152 885 1152 856 1128 852 1128 848 1128 678 1128 673 1128 361 1156 365 1282"/></Shape>
            <String CONTENT="ras ð le courroucer, mais le mercieras"
                    HPOS="361"
                    VPOS="1104"
                    WIDTH="2509"
                    HEIGHT="235"
                    WC="0.9952495223597476"></String>
          </TextLine>
          <TextLine ID="eSc_line_9ce1cd85"
                    TAGREFS="LT8"
                    BASELINE="381 1457 2837 1424" 
                    HPOS="377"
                    VPOS="1294"
                    WIDTH="2460"
                    HEIGHT="224">
            <Shape><Polygon POINTS="381 1457 381 1518 706 1485 738 1509 738 1513 742 1513 747 1513 751 1513 755 1513 832 1489 990 1513 994 1513 998 1513 1071 1481 1165 1497 1169 1497 1311 1477 1384 1505 1388 1505 1392 1505 1396 1505 1485 1477 1648 1497 1652 1497 1656 1497 1660 1497 1660 1493 1664 1493 1680 1473 1721 1493 1725 1493 1729 1493 1847 1473 1904 1501 1908 1501 1912 1501 1916 1501 1997 1469 2050 1497 2054 1497 2058 1497 2062 1497 2135 1469 2212 1497 2216 1497 2220 1497 2427 1469 2712 1489 2716 1489 2720 1489 2837 1457 2837 1424 2825 1294 377 1323 381 1457"/></Shape>
            <String CONTENT="souuent pource qͥl ta acquiz cest auoir"
                    HPOS="377"
                    VPOS="1294"
                    WIDTH="2460"
                    HEIGHT="224"
                    WC="0.9960579566466503"></String>
          </TextLine>
          <TextLine ID="eSc_line_ef00c9d0"
                    TAGREFS="LT8"
                    BASELINE="385 1631 2833 1599" 
                    HPOS="381"
                    VPOS="1453"
                    WIDTH="2452"
                    HEIGHT="231">
            <Shape><Polygon POINTS="385 1631 385 1684 1002 1656 1144 1676 1148 1676 1416 1651 1457 1672 1461 1672 1465 1672 1741 1647 1891 1668 1895 1668 1900 1668 1989 1643 2090 1664 2094 1664 2293 1639 2411 1660 2415 1660 2561 1635 2590 1656 2594 1656 2598 1656 2602 1656 2833 1651 2833 1599 2825 1485 2582 1485 2533 1453 2529 1453 2525 1453 2521 1453 2188 1489 1989 1469 1985 1469 1981 1469 1904 1489 1826 1465 1822 1465 1818 1465 1814 1465 1810 1465 1774 1497 1603 1497 1518 1469 1514 1469 1510 1469 1278 1501 1234 1473 1230 1473 1226 1473 1222 1473 1217 1473 1144 1501 1031 1473 1027 1473 1023 1473 1019 1473 1014 1473 974 1509 836 1509 690 1477 686 1477 495 1481 491 1481 381 1513 385 1631"/></Shape>
            <String CONTENT="celeste. Regarde maintenant uoys"
                    HPOS="381"
                    VPOS="1453"
                    WIDTH="2452"
                    HEIGHT="231"
                    WC="0.9881646856665611"></String>
          </TextLine>
          <TextLine ID="eSc_line_8da0524e"
                    TAGREFS="LT8"
                    BASELINE="389 1802 2833 1777" 
                    HPOS="385"
                    VPOS="1635"
                    WIDTH="2448"
                    HEIGHT="232">
            <Shape><Polygon POINTS="389 1802 389 1838 669 1842 690 1863 690 1867 694 1867 698 1867 702 1867 1201 1834 1485 1834 1538 1858 1542 1858 1546 1858 1786 1834 1960 1854 1965 1854 1969 1854 1973 1854 2017 1826 2330 1850 2334 1850 2476 1826 2529 1846 2533 1846 2537 1846 2833 1842 2833 1777 2821 1643 2484 1656 2375 1635 2371 1635 2366 1635 2293 1660 2273 1643 2273 1639 2269 1639 2265 1639 2086 1635 2082 1635 1916 1664 1859 1639 1855 1639 1697 1639 1692 1639 1688 1639 1684 1639 1652 1668 1404 1668 1266 1643 1262 1643 1258 1643 1193 1672 832 1647 828 1647 824 1647 820 1647 783 1676 600 1651 596 1651 592 1651 507 1676 454 1651 450 1651 446 1651 442 1651 385 1676 389 1802"/></Shape>
            <String CONTENT="tu bien deuant tes yeulx, cõbien nous"
                    HPOS="385"
                    VPOS="1635"
                    WIDTH="2448"
                    HEIGHT="232"
                    WC="0.9838584943821556"></String>
          </TextLine>
          <TextLine ID="eSc_line_667d3c64"
                    TAGREFS="LT8"
                    BASELINE="405 1984 2013 1956 2829 1960" 
                    HPOS="401"
                    VPOS="1806"
                    WIDTH="2428"
                    HEIGHT="231">
            <Shape><Polygon POINTS="405 1984 405 2025 982 2033 986 2033 1148 2013 1169 2029 1169 2033 1173 2033 1177 2033 1181 2037 1335 2037 1335 2033 1559 2009 1591 2029 1595 2029 1599 2029 1603 2029 1607 2029 1611 2029 1652 2005 1916 2025 1920 2025 2050 2001 2111 2021 2115 2021 2119 2021 2123 2021 2204 2001 2228 2021 2232 2021 2237 2021 2241 2021 2245 2021 2249 2021 2289 1996 2375 2017 2379 2017 2383 2017 2655 1992 2825 2013 2829 1960 2825 1834 2707 1834 2671 1806 2667 1806 2663 1806 2659 1806 2655 1806 2574 1838 2143 1838 1977 1814 1973 1814 1969 1814 1904 1842 1721 1818 1717 1818 1494 1846 1039 1826 1035 1826 1031 1826 933 1854 401 1854 405 1984"/></Shape>
            <String CONTENT="sommes obligez, ⁊ tenuz de remercier,"
                    HPOS="401"
                    VPOS="1806"
                    WIDTH="2428"
                    HEIGHT="231"
                    WC="0.9980565261196446"></String>
          </TextLine>
          <TextLine ID="eSc_line_265798e3"
                    TAGREFS="LT8"
                    BASELINE="393 2151 2837 2130" 
                    HPOS="389"
                    VPOS="1984"
                    WIDTH="2448"
                    HEIGHT="228">
            <Shape><Polygon POINTS="393 2151 393 2191 876 2212 881 2212 885 2212 937 2187 2833 2187 2837 2130 2825 1988 2744 2005 2679 1984 2675 1984 2671 1984 2667 1984 2569 2013 2480 1984 2476 1984 2472 1984 2168 1988 2163 1988 2159 1988 2115 2017 1928 2001 1924 2001 1920 2001 1851 2021 1713 1992 1709 1992 1705 1992 1701 1992 1701 1996 1672 2025 1364 2025 1295 1996 1291 1996 1287 1996 1282 1996 1230 2025 1148 1996 1144 1996 1140 1996 1136 1996 1079 2025 881 1996 876 1996 872 1996 811 2029 673 2005 669 2005 665 2005 572 2029 470 2001 466 2001 462 2001 458 2001 389 2029 393 2151"/></Shape>
            <String CONTENT="louer ⁊ seruir dieu, ⁊ de garder ses cõ¬"
                    HPOS="389"
                    VPOS="1984"
                    WIDTH="2448"
                    HEIGHT="228"
                    WC="0.9912282315696158"></String>
          </TextLine>
          <TextLine ID="eSc_line_f4a27364"
                    TAGREFS="LT8"
                    BASELINE="381 2329 2862 2305" 
                    HPOS="377"
                    VPOS="2159"
                    WIDTH="2485"
                    HEIGHT="231">
            <Shape><Polygon POINTS="381 2329 381 2366 872 2386 876 2386 1010 2362 1043 2386 1047 2386 1051 2386 1055 2390 1201 2390 1201 2386 1347 2358 1494 2374 1498 2374 1721 2354 1753 2378 1757 2378 1762 2378 1766 2378 1887 2354 1916 2378 1920 2378 1924 2378 1928 2382 2029 2382 2029 2378 2034 2378 2038 2378 2066 2350 2200 2350 2224 2370 2224 2374 2228 2374 2232 2374 2237 2374 2549 2354 2809 2370 2813 2370 2817 2370 2821 2370 2862 2341 2862 2305 2846 2159 2768 2187 2699 2163 2695 2163 2691 2163 2549 2187 2427 2167 2423 2167 2419 2167 2415 2167 2379 2191 2143 2167 2139 2167 2135 2167 2025 2195 1981 2175 1977 2175 1973 2175 1969 2175 1920 2195 1863 2171 1859 2171 1676 2171 1672 2171 1538 2199 1376 2175 1372 2175 1368 2175 1364 2175 1335 2199 1027 2179 1023 2179 1019 2179 1014 2179 982 2203 710 2183 706 2183 702 2183 698 2183 661 2212 377 2212 381 2329"/></Shape>
            <String CONTENT="mandemens, ⁊ de nous garder de pe¬"
                    HPOS="377"
                    VPOS="2159"
                    WIDTH="2485"
                    HEIGHT="231"
                    WC="0.998351267155479"></String>
          </TextLine>
          <TextLine ID="eSc_line_107e3d2d"
                    TAGREFS="LT8"
                    BASELINE="385 2504 2837 2479" 
                    HPOS="381"
                    VPOS="2341"
                    WIDTH="2456"
                    HEIGHT="236">
            <Shape><Polygon POINTS="385 2504 385 2544 434 2573 438 2573 442 2577 694 2577 694 2573 698 2573 702 2573 734 2544 816 2561 820 2561 824 2561 868 2540 905 2569 909 2569 913 2569 917 2573 1100 2573 1100 2569 1104 2569 1205 2536 1258 2565 1262 2565 1266 2565 1392 2544 1526 2565 1530 2565 1534 2565 1619 2532 1895 2532 1928 2553 1932 2553 1936 2553 1940 2553 1944 2553 1948 2553 1977 2532 2013 2557 2017 2557 2021 2557 2025 2557 2297 2528 2423 2557 2427 2557 2431 2557 2504 2524 2695 2553 2699 2553 2703 2553 2837 2516 2837 2479 2825 2370 2062 2370 2029 2346 2029 2341 2025 2341 2021 2341 2017 2341 1826 2346 1822 2346 1818 2346 1790 2370 1607 2346 1603 2346 1457 2370 1323 2350 1319 2350 1315 2350 1193 2382 929 2354 925 2354 921 2354 836 2382 799 2358 795 2358 791 2358 787 2358 608 2386 475 2358 470 2358 466 2358 381 2382 385 2504"/></Shape>
            <String CONTENT="che, ⁊ de faire plusieͬs bõnes oeuures"
                    HPOS="381"
                    VPOS="2341"
                    WIDTH="2456"
                    HEIGHT="236"
                    WC="0.9948989825370984"></String>
          </TextLine>
          <TextLine ID="eSc_line_0b080657"
                    TAGREFS="LT8"
                    BASELINE="401 2678 2078 2670" 
                    HPOS="401"
                    VPOS="2520"
                    WIDTH="1677"
                    HEIGHT="223">
            <Shape><Polygon POINTS="401 2715 881 2743 885 2743 1067 2715 1120 2743 1124 2743 1128 2743 1132 2743 1136 2743 1169 2719 1494 2739 1498 2739 1502 2739 1506 2739 1538 2711 1607 2739 1611 2739 1615 2739 1619 2739 1623 2739 1623 2735 1628 2735 1648 2711 2074 2711 2078 2670 2070 2569 1920 2569 1863 2520 1859 2520 1855 2520 1851 2520 1847 2520 1762 2548 1571 2520 1567 2520 1563 2520 1559 2520 1506 2561 1372 2520 1368 2520 1364 2520 1360 2520 1278 2565 1124 2524 1120 2524 1116 2524 1112 2524 1043 2557 889 2548 885 2548 881 2548 824 2573 726 2573 637 2524 633 2524 629 2524 625 2524 511 2561 401 2532 401 2678 401 2715"/></Shape>
            <String CONTENT="de foy, par uraye charite."
                    HPOS="401"
                    VPOS="2520"
                    WIDTH="1677"
                    HEIGHT="223"
                    WC="0.9838808178901672"></String>
          </TextLine>
          <TextLine ID="eSc_line_8eb53573"
                    TAGREFS="LT10"
                    BASELINE="560 2857 2707 2837" 
                    HPOS="556"
                    VPOS="2686"
                    WIDTH="2151"
                    HEIGHT="236">
            <Shape><Polygon POINTS="560 2857 560 2893 767 2922 771 2922 775 2922 864 2902 1254 2918 1258 2918 1262 2918 1266 2918 1295 2893 1465 2914 1469 2914 1473 2914 1559 2893 1607 2914 1611 2914 1615 2914 1619 2914 1684 2889 1770 2906 1774 2906 1940 2885 2269 2910 2273 2910 2565 2885 2606 2902 2610 2902 2614 2902 2618 2902 2707 2873 2707 2837 2699 2703 2273 2686 2269 2686 2046 2719 1948 2691 1944 2691 1940 2691 1936 2691 1835 2723 1664 2703 1660 2703 1656 2703 1652 2703 1652 2707 1632 2723 1481 2707 1477 2707 1027 2727 998 2703 998 2699 994 2699 990 2699 986 2699 852 2727 621 2703 617 2703 613 2703 556 2727 560 2857"/></Shape>
            <String CONTENT="¶ De deux manieres de gẽs ui¬"
                    HPOS="556"
                    VPOS="2686"
                    WIDTH="2151"
                    HEIGHT="236"
                    WC="0.9936943411827087"></String>
          </TextLine>
          <TextLine ID="eSc_line_196e3643"
                    TAGREFS="LT10"
                    BASELINE="556 3023 2679 3011" 
                    HPOS="552"
                    VPOS="2869"
                    WIDTH="2127"
                    HEIGHT="219">
            <Shape><Polygon POINTS="560 3088 613 3064 1120 3064 1157 3084 1161 3084 1165 3084 1169 3084 1412 3060 1692 3060 1713 3076 1713 3080 1717 3080 1721 3080 1725 3080 1977 3060 2058 3076 2062 3076 2066 3076 2070 3076 2070 3072 2090 3056 2143 3076 2147 3076 2151 3076 2675 3068 2679 3011 2675 2914 2578 2873 2574 2873 2569 2873 2565 2873 2460 2914 2322 2914 2103 2869 2098 2869 2094 2869 2001 2906 1940 2873 1936 2873 1786 2873 1782 2873 1778 2873 1774 2873 1713 2918 1554 2918 1445 2873 1441 2873 1311 2873 1307 2873 1303 2873 1299 2873 1238 2914 1128 2885 1124 2885 1120 2885 1019 2902 986 2877 982 2877 978 2877 974 2877 742 2898 637 2881 633 2881 629 2881 552 2906 556 3023"/></Shape>
            <String CONTENT="uans au mõde. Chapitre .xi."
                    HPOS="552"
                    VPOS="2869"
                    WIDTH="2127"
                    HEIGHT="219"
                    WC="0.999609459723745"></String>
          </TextLine>
          <TextLine ID="eSc_line_b9a3c224"
                    TAGREFS="LT8"
                    BASELINE="849 3198 2833 3182" 
                    HPOS="783"
                    VPOS="3040"
                    WIDTH="2050"
                    HEIGHT="227">
            <Shape><Polygon POINTS="791 3267 889 3234 1242 3263 1246 3263 1250 3263 1299 3238 1457 3259 1461 3259 1465 3259 1583 3230 1802 3259 1806 3259 1810 3259 1887 3226 2025 3226 2082 3255 2086 3255 2090 3255 2094 3255 2176 3226 2204 3251 2204 3255 2208 3255 2212 3255 2216 3255 2342 3251 2346 3251 2350 3251 2350 3247 2379 3222 2614 3251 2618 3251 2622 3251 2703 3230 2777 3251 2781 3251 2785 3251 2789 3251 2793 3251 2833 3222 2833 3182 2821 3040 2622 3060 1904 3044 1900 3044 1895 3044 1798 3068 868 3048 864 3048 860 3048 783 3076 787 3198"/></Shape>
            <String CONTENT="Eux sortes de gẽs sont au mõ"
                    HPOS="783"
                    VPOS="3040"
                    WIDTH="2050"
                    HEIGHT="227"
                    WC="0.9994113604227702"></String>
          </TextLine>
          <TextLine ID="eSc_line_070150ce"
                    TAGREFS="LT8"
                    BASELINE="822 3356 2874 3356" 
                    HPOS="641"
                    VPOS="3218"
                    WIDTH="2233"
                    HEIGHT="211">
            <Shape><Polygon POINTS="815 3371 641 3405 678 3425 682 3425 686 3425 690 3425 694 3425 767 3405 868 3425 872 3425 876 3425 881 3425 909 3405 962 3425 966 3425 970 3425 1079 3405 1104 3425 1108 3425 1112 3425 1116 3425 1226 3405 1258 3425 1262 3425 1266 3425 1270 3429 1559 3429 1559 3425 1563 3425 1567 3425 1567 3421 1587 3405 1656 3425 1660 3425 1664 3425 1810 3405 1843 3425 1847 3425 1851 3425 1855 3425 1859 3425 1863 3425 1895 3405 2034 3425 2038 3425 2874 3405 2874 3356 2874 3238 2435 3218 2431 3218 2427 3218 2358 3255 2163 3218 2159 3218 2155 3218 2070 3259 1786 3238 1782 3238 1473 3267 1429 3238 1425 3238 1420 3238 1416 3238 1412 3238 1360 3259 1287 3230 1282 3230 1278 3230 1274 3230 1270 3230 1270 3234 1234 3263 1185 3218 1181 3218 1177 3218 1173 3218 1169 3218 1010 3259 913 3218 909 3218 905 3218 901 3218 897 3218 898 3250 856 3251 822 3274"/></Shape>
            <String CONTENT="Ode, bõnes, ⁊ mauuaises. Et sõt"
                    HPOS="641"
                    VPOS="3218"
                    WIDTH="2233"
                    HEIGHT="211"
                    WC="0.9842965765432878"></String>
          </TextLine>
          <TextLine ID="eSc_line_a4973a9f"
                    TAGREFS="LT8"
                    BASELINE="405 3551 2878 3539" 
                    HPOS="401"
                    VPOS="3397"
                    WIDTH="2477"
                    HEIGHT="219">
            <Shape><Polygon POINTS="405 3551 405 3588 787 3583 864 3612 868 3612 872 3616 1104 3616 1104 3612 1262 3583 1311 3608 1315 3608 1319 3608 1542 3583 1770 3608 1774 3608 1778 3608 1867 3579 2042 3608 2046 3608 2050 3608 2151 3579 2297 3604 2301 3608 2444 3608 2444 3604 2448 3604 2452 3604 2492 3579 2809 3600 2813 3600 2817 3600 2878 3575 2878 3539 2870 3417 2764 3397 2760 3397 2606 3421 2582 3401 2582 3397 2578 3397 2574 3397 2488 3397 2484 3397 2480 3397 2476 3397 2452 3417 2366 3401 2362 3401 2232 3421 2159 3397 2155 3397 2151 3397 2147 3397 2143 3397 2107 3421 1887 3401 1883 3401 1879 3401 1875 3401 1847 3429 1757 3429 1684 3401 1680 3401 1676 3401 1672 3401 1623 3425 1494 3405 1489 3405 1485 3405 1481 3405 1457 3429 775 3429 747 3405 742 3405 738 3405 491 3405 487 3405 483 3405 401 3425 405 3551"/></Shape>
            <String CONTENT="accõparees aux deux larrõs, qui ont"
                    HPOS="401"
                    VPOS="3397"
                    WIDTH="2477"
                    HEIGHT="219"
                    WC="0.9841598191776791"></String>
          </TextLine>
          <TextLine ID="eSc_line_a34e133b"
                    TAGREFS="LT8"
                    BASELINE="422 3726 2862 3717" 
                    HPOS="418"
                    VPOS="3567"
                    WIDTH="2444"
                    HEIGHT="228">
            <Shape><Polygon POINTS="422 3726 422 3778 613 3762 641 3786 641 3791 645 3791 649 3791 653 3795 726 3795 726 3791 730 3791 783 3762 1153 3762 1230 3786 1234 3786 1238 3786 1242 3786 1323 3762 1461 3791 1465 3791 1469 3791 1473 3791 1473 3786 1506 3762 1676 3786 1680 3786 1875 3758 1908 3782 1908 3786 1912 3786 1916 3786 1920 3791 1997 3791 1997 3786 2001 3786 2005 3786 2038 3758 2180 3758 2257 3786 2261 3786 2265 3786 2399 3758 2431 3782 2431 3786 2435 3786 2440 3786 2444 3791 2805 3791 2805 3786 2809 3786 2813 3786 2862 3754 2862 3717 2858 3608 2744 3567 2740 3567 2496 3567 2492 3567 2488 3567 2484 3567 2435 3604 2188 3567 2184 3567 2009 3604 1928 3571 1924 3571 1920 3571 1640 3608 1587 3571 1583 3571 1579 3571 1575 3571 1437 3575 1433 3575 1429 3575 1380 3612 1307 3612 1266 3575 1262 3575 1258 3575 1254 3575 1250 3575 1177 3608 1051 3579 1047 3579 795 3608 418 3583 422 3726"/></Shape>
            <String CONTENT="souffert mort en la croix auec Iesu"
                    HPOS="418"
                    VPOS="3567"
                    WIDTH="2444"
                    HEIGHT="228"
                    WC="0.9835698451314654"></String>
          </TextLine>
          <TextLine ID="eSc_line_80c330e4"
                    TAGREFS="LT8"
                    BASELINE="405 3908 2858 3888" 
                    HPOS="401"
                    VPOS="3738"
                    WIDTH="2457"
                    HEIGHT="235">
            <Shape><Polygon POINTS="405 3908 405 3937 560 3973 564 3973 568 3973 682 3945 742 3973 747 3973 751 3973 755 3973 759 3973 803 3941 852 3965 856 3965 860 3965 864 3965 868 3965 905 3937 1035 3957 1039 3957 1303 3937 1327 3957 1327 3961 1331 3961 1335 3961 1339 3961 1473 3937 1595 3961 1599 3961 1603 3961 1607 3961 1644 3933 1774 3965 1778 3965 1782 3965 1786 3965 1875 3929 1944 3929 1981 3957 1981 3961 1985 3961 1989 3961 1993 3965 2350 3965 2350 3961 2354 3961 2358 3961 2399 3937 2626 3957 2630 3957 2858 3920 2858 3888 2850 3782 2638 3758 2634 3758 2472 3774 2366 3738 2362 3738 2358 3738 2354 3738 2261 3782 2123 3774 2090 3746 2090 3742 2086 3742 2082 3742 2078 3742 2074 3742 1956 3774 1879 3742 1875 3742 1871 3742 1778 3746 1774 3746 1770 3746 1770 3750 1725 3786 1315 3750 1311 3750 1307 3750 1189 3791 1084 3750 1079 3750 1075 3750 1071 3750 1067 3750 994 3795 889 3795 811 3754 807 3754 803 3754 673 3778 649 3758 649 3754 645 3754 641 3754 475 3754 470 3754 466 3754 462 3754 401 3791 405 3908"/></Shape>
            <String CONTENT="Christ. Les bõnes sõt signifiez par"
                    HPOS="401"
                    VPOS="3738"
                    WIDTH="2457"
                    HEIGHT="235"
                    WC="0.9914660969296017"></String>
          </TextLine>
          <TextLine ID="eSc_line_757e693e"
                    TAGREFS="LT8"
                    BASELINE="414 4071 2854 4062" 
                    HPOS="410"
                    VPOS="3924"
                    WIDTH="2444"
                    HEIGHT="216">
            <Shape><Polygon POINTS="414 4071 414 4127 771 4111 889 4136 893 4140 1420 4140 1420 4136 1425 4136 1473 4115 1546 4136 1550 4136 1554 4136 1786 4115 2123 4131 2127 4131 2131 4131 2224 4107 2545 4127 2549 4127 2553 4127 2557 4127 2590 4107 2772 4131 2777 4131 2781 4131 2854 4103 2854 4062 2837 3933 2785 3957 2346 3957 2297 3933 2293 3933 2289 3933 2285 3933 2281 3933 2281 3937 2265 3953 2216 3924 2212 3924 2208 3924 2204 3924 2151 3953 2058 3933 2054 3933 1932 3953 1895 3924 1891 3924 1887 3924 1883 3924 1542 3961 1425 3961 1392 3933 1388 3933 1384 3933 1380 3933 1266 3957 1209 3929 1205 3929 1201 3929 1088 3953 1063 3933 1063 3929 1059 3929 1055 3929 1051 3929 917 3957 799 3929 795 3929 791 3929 787 3929 722 3957 645 3929 641 3929 637 3929 410 3945 414 4071"/></Shape>
            <String CONTENT="le larron du dextre coste, qui deman¬"
                    HPOS="410"
                    VPOS="3924"
                    WIDTH="2444"
                    HEIGHT="216"
                    WC="0.9947155407957129"></String>
          </TextLine>
          <TextLine ID="eSc_line_3cf0e1b9"
                    TAGREFS="LT8"
                    BASELINE="426 4237 2846 4245" 
                    HPOS="422"
                    VPOS="4119"
                    WIDTH="2424"
                    HEIGHT="199">
            <Shape><Polygon POINTS="426 4237 422 4282 479 4302 483 4302 487 4302 698 4290 718 4306 718 4310 722 4310 726 4310 730 4310 734 4310 836 4286 1019 4286 1079 4310 1084 4310 1088 4310 1209 4290 1636 4314 1640 4314 1644 4314 1729 4290 1810 4314 1814 4314 1818 4314 1822 4314 1826 4314 1867 4290 1920 4314 1924 4314 1928 4318 2107 4318 2107 4314 2111 4314 2115 4314 2115 4310 2135 4294 2155 4314 2159 4314 2163 4314 2168 4314 2172 4314 2245 4290 2346 4290 2375 4314 2379 4314 2383 4314 2387 4314 2391 4314 2476 4290 2545 4310 2549 4310 2553 4310 2557 4310 2561 4310 2598 4290 2837 4298 2846 4245 2841 4119 426 4119 426 4237"/></Shape>
            <String CONTENT="doit pardon. Et sont ceux, qui se con¬"
                    HPOS="422"
                    VPOS="4119"
                    WIDTH="2424"
                    HEIGHT="199"
                    WC="0.9825477882435447"></String>
          </TextLine>
          <TextLine ID="eSc_line_cb14f3d4"
                    TAGREFS="LT8"
                    BASELINE="430 4416 2858 4424" 
                    HPOS="426"
                    VPOS="4282"
                    WIDTH="2432"
                    HEIGHT="211">
            <Shape><Polygon POINTS="430 4416 426 4481 527 4464 742 4489 747 4489 970 4468 1002 4489 1006 4489 1010 4489 1014 4489 1299 4468 1404 4489 1408 4489 1550 4464 1640 4493 1644 4493 1648 4493 1757 4468 1814 4493 1818 4493 1822 4493 1977 4468 2159 4468 2228 4493 2232 4493 2237 4493 2241 4493 2310 4468 2379 4493 2383 4493 2387 4493 2517 4468 2622 4489 2626 4489 2854 4468 2858 4424 2850 4286 1965 4314 1936 4290 1936 4286 1932 4286 1928 4286 1831 4286 1826 4286 1822 4286 1713 4314 1684 4290 1680 4290 1676 4290 1672 4290 945 4310 881 4282 876 4282 872 4282 653 4310 515 4282 511 4282 507 4282 430 4306 430 4416"/></Shape>
            <String CONTENT="gnoissent paoures pecheurs, et sentẽt"
                    HPOS="426"
                    VPOS="4282"
                    WIDTH="2432"
                    HEIGHT="211"
                    WC="0.9998763595756731"></String>
          </TextLine>
          <TextLine ID="eSc_line_85a58252"
                    TAGREFS="LT8"
                    BASELINE="418 4594 2862 4594" 
                    HPOS="418"
                    VPOS="4456"
                    WIDTH="2444"
                    HEIGHT="207">
            <Shape><Polygon POINTS="418 4594 418 4647 434 4663 438 4663 442 4663 446 4663 572 4643 816 4663 820 4663 2862 4643 2862 4594 2862 4489 2529 4460 2525 4460 2224 4485 2163 4460 2159 4460 2155 4460 2151 4460 2107 4481 2086 4460 2086 4456 2082 4456 2078 4456 2074 4456 1628 4485 1530 4456 1526 4456 1522 4456 1518 4456 1514 4456 1477 4489 1327 4489 1254 4456 1250 4456 1246 4456 1242 4456 1181 4489 966 4489 929 4456 925 4456 921 4456 682 4456 678 4456 673 4456 604 4481 479 4456 475 4456 470 4456 418 4481 418 4594"/></Shape>
            <String CONTENT="humblement de eux mesmes, comme"
                    HPOS="418"
                    VPOS="4456"
                    WIDTH="2444"
                    HEIGHT="207"
                    WC="0.9989935198137837"></String>
          </TextLine>
          <TextLine ID="eSc_line_c18e1696"
                    TAGREFS="LT8"
                    BASELINE="414 4781 2866 4765" 
                    HPOS="410"
                    VPOS="4619"
                    WIDTH="2456"
                    HEIGHT="235">
            <Shape><Polygon POINTS="414 4781 414 4854 613 4821 771 4821 844 4850 848 4850 852 4850 856 4850 860 4850 860 4846 889 4817 1023 4817 1067 4838 1071 4838 1075 4838 1230 4817 1262 4842 1262 4846 1266 4846 1270 4846 1274 4846 1688 4813 1826 4813 1863 4842 1867 4842 1871 4842 1875 4846 2042 4846 2042 4842 2046 4842 2050 4842 2050 4838 2066 4821 2107 4842 2111 4842 2115 4842 2119 4842 2123 4842 2123 4838 2155 4809 2277 4809 2322 4838 2326 4838 2330 4838 2334 4838 2862 4813 2866 4765 2862 4647 2768 4619 2764 4619 2760 4619 2614 4647 2488 4619 2484 4619 2480 4619 2476 4619 2452 4643 2379 4619 2375 4619 2371 4619 2366 4619 2241 4651 2107 4623 2103 4623 2098 4623 2094 4623 2094 4627 2062 4651 1826 4631 1822 4631 1721 4651 1603 4627 1599 4627 1376 4655 1291 4627 1287 4627 1282 4627 1278 4627 1274 4627 1274 4631 1246 4655 1136 4635 1132 4635 937 4659 475 4631 470 4631 466 4631 410 4655 414 4781"/></Shape>
            <String CONTENT="fist le paoure Publicain, qͥ nosoit esle"
                    HPOS="410"
                    VPOS="4619"
                    WIDTH="2456"
                    HEIGHT="235"
                    WC="0.9999904692173004"></String>
          </TextLine>
          <TextLine ID="eSc_line_49966d88"
                    TAGREFS="LT8"
                    BASELINE="410 4947 2842 4955" 
                    HPOS="405"
                    VPOS="4805"
                    WIDTH="2952"
                    HEIGHT="219">
            <Shape><Polygon POINTS="3028 4838 2975 4809 2971 4809 2882 4809 2878 4809 2874 4809 2870 4809 2870 4813 2837 4838 2638 4809 2634 4809 2496 4838 2460 4809 2456 4809 2452 4809 2448 4809 2314 4838 2176 4809 2172 4809 2038 4834 1956 4809 1952 4809 1948 4809 1944 4809 1895 4838 1867 4813 1867 4809 1863 4809 1859 4809 1855 4809 1757 4830 1701 4805 1697 4805 1692 4805 1688 4805 1579 4838 1449 4838 1388 4805 1384 4805 1380 4805 1376 4805 1266 4834 1185 4805 1181 4805 1177 4805 994 4838 775 4838 734 4805 730 4805 726 4805 722 4805 410 4830 410 4947 405 5000 1226 5020 1230 5020 1234 5020 1238 5020 1262 5000 1498 5000 1664 5020 1668 5020 1863 5000 2107 5000 2139 5024 2143 5024 2147 5024 2151 5024 3353 5004 3357 4955 3349 4878 3333 4838"/></Shape>
            <String CONTENT="uer les yeulx uers le ciel. Car ilz scai¬ Luce.18."
                    HPOS="405"
                    VPOS="4805"
                    WIDTH="2952"
                    HEIGHT="219"
                    WC="0.984012416601181"></String>
          </TextLine>
          <TextLine ID="eSc_line_c61447ab"
                    TAGREFS="LT8"
                    BASELINE="405 5130 2894 5122" 
                    HPOS="401"
                    VPOS="4980"
                    WIDTH="2493"
                    HEIGHT="227">
            <Shape><Polygon POINTS="405 5130 405 5171 483 5195 487 5195 491 5195 889 5175 921 5199 925 5199 929 5199 933 5199 937 5199 941 5199 974 5175 1088 5203 1092 5203 1096 5207 1217 5207 1217 5203 1222 5203 1226 5203 1258 5175 1295 5203 1299 5203 1303 5203 1307 5207 1498 5207 1498 5203 1502 5203 1554 5175 1628 5203 1632 5203 1636 5203 1826 5199 1831 5199 1904 5171 1993 5199 1997 5199 2001 5203 2094 5203 2094 5199 2098 5199 2103 5199 2103 5195 2135 5171 2285 5199 2289 5203 2768 5203 2768 5199 2772 5199 2894 5162 2894 5122 2882 5004 2431 5008 2228 4980 2224 4980 2220 4980 2216 4980 2168 5012 2070 5012 1977 4980 1973 4980 1969 4980 1782 5008 1676 4988 1672 4988 1668 4988 1664 4988 1640 5008 1607 4984 1603 4984 1599 4984 1595 4984 1591 4984 1534 5004 1400 4984 1396 4984 1392 4984 1315 5012 1088 4984 1084 4984 1079 4984 1010 5012 726 4984 722 4984 401 5000 405 5130"/></Shape>
            <String CONTENT="uent ⁊ congnoissent quilz nont point"
                    HPOS="401"
                    VPOS="4980"
                    WIDTH="2493"
                    HEIGHT="227"
                    WC="0.9994120217031903"></String>
          </TextLine>
          <TextLine ID="eSc_line_8c7cf51e"
                    TAGREFS="LT8"
                    BASELINE="410 5300 2866 5309" 
                    HPOS="405"
                    VPOS="5175"
                    WIDTH="2461"
                    HEIGHT="243">
            <Shape><Polygon POINTS="410 5300 405 5406 544 5386 625 5414 629 5414 633 5414 637 5414 714 5373 791 5414 795 5414 799 5418 1124 5418 1124 5414 1128 5414 1177 5394 1473 5414 1477 5414 1481 5414 1485 5414 1485 5410 1522 5378 1567 5394 1571 5394 1575 5394 1579 5394 1652 5365 1883 5365 1956 5394 1960 5394 1965 5394 1969 5394 2034 5365 2082 5386 2086 5386 2090 5386 2249 5365 2314 5394 2318 5394 2322 5394 2326 5394 2330 5394 2330 5390 2362 5365 2602 5365 2647 5398 2651 5398 2655 5398 2659 5398 2862 5382 2866 5309 2862 5183 410 5175 410 5300"/></Shape>
            <String CONTENT="garde sy pres les commandemens de"
                    HPOS="405"
                    VPOS="5175"
                    WIDTH="2461"
                    HEIGHT="243"
                    WC="0.9878144824143612"></String>
          </TextLine>
        </TextBlock>
        <TextBlock HPOS="2304"
                   VPOS="5345"
                   WIDTH="550"
                   HEIGHT="206"
                   ID="eSc_textblock_88c82e0f"
                   TAGREFS="BT17">
          <Shape><Polygon POINTS="2304 5345 2304 5551 2854 5551 2854 5345"/></Shape>
          <TextLine ID="eSc_line_3068311f"
                    TAGREFS="LT8"
                    BASELINE="2346 5491 2821 5483" 
                    HPOS="2342"
                    VPOS="5325"
                    WIDTH="479"
                    HEIGHT="255">
            <Shape><Polygon POINTS="2346 5491 2350 5580 2452 5544 2553 5544 2618 5576 2622 5576 2626 5576 2630 5576 2695 5552 2732 5576 2736 5576 2740 5576 2744 5576 2821 5564 2821 5483 2813 5365 2452 5325 2375 5325 2371 5325 2366 5325 2362 5325 2362 5329 2342 5345 2346 5491"/></Shape>
            <String CONTENT="Dieu,"
                    HPOS="2342"
                    VPOS="5325"
                    WIDTH="479"
                    HEIGHT="255"
                    WC="0.9999823808670044"></String>
          </TextLine>
        </TextBlock>
        <TextBlock HPOS="2854"
                   VPOS="4802"
                   WIDTH="536"
                   HEIGHT="227"
                   ID="eSc_textblock_69d2f8f9"
                   TAGREFS="BT13">
          <Shape><Polygon POINTS="2854 4802 2854 5029 3390 5029 3390 4802"/></Shape>
          <TextLine ID="eSc_line_07a9030c"
                    TAGREFS="LT8"
                    BASELINE="2874 4981 3362 4974" 
                    HPOS="2874"
                    VPOS="4974"
                    WIDTH="488"
                    HEIGHT="7">
            <String CONTENT="Luce.18."
                    HPOS="2874"
                    VPOS="4974"
                    WIDTH="488"
                    HEIGHT="7"
                    ></String>
          </TextLine>
        </TextBlock>
      </PrintSpace>
    </Page>
  </Layout>
</alto>
