4267 6154
2579 569 164 343 57

1114 601 745 202 Chapitre .u.

589 748 1888 216 Quelcun porroit dire. Noꝰ a Dieu

454 923 2031 184 le Pere uoulũtairemẽt dõne tout ce¬

447 1063 2028 191 cy. Ne lauoit nul desseruy? Nõ certes.

441 1225 2010 175 Nul ne lauoit desseruy. Nul na par

458 1377 2010 168 ses merites ou bõnes oeuures induit

454 1507 2014 168 Dieu a ce faire: mais il a entieremẽt

441 1651 2020 188 faict de soy mesme/ ⁊ par sa grãde mi¬

420 1784 2041 190 sericorde. Cõme dit le prophete Hiere¬

417 1941 2031 202 mie. En une eternelle charite te ay ie

420 2102 2000 181 ayme/ ⁊ pourtant ay ie eu compassion

430 2230 1990 200 de toy ⁊ te ay prins a mercy. Et Iesꝰ

437 2372 1990 209 Christ dit en Leuãgile sainct Iehan.

441 2518 2005 200 Dieu a tellement ayme le mõde/ quil

441 2656 2003 215 a dõne son seul ẽgẽdre Filz/ affin que

437 2810 2000 208 quicõque croit en luy ne perisse: mais

437 2953 2000 212 ait la uie eternelle. Pour ceste cause

434 3097 2000 215 Dieu na que faire de noz bõnes oeu¬

430 3258 2007 188 ures, pour nous mener a la uie eter¬

435 3394 1985 185 nelle. Comme escript sainct Paul. Si

458 3538 1962 212 une loy estoit baillee, laquelle peust

437 3685 1987 198 iustifier/ la iustice seroit urayemẽt de

430 3832 1983 205 la loy. Mais lescripture a tout cõclud

434 3972 1979 226 soubz peche/ affin q̃ la promission fust

427 4126 1980 222 donnee aux croyans ꝑ la foy. Et aux

410 4277 1990 200 Romains. Si Dieu est pour nous/ qͥ

417 4420 2003 243 est ce qͥ peut estre cõtre nous? Cõme sil

1574 4574 836 246 D 5 uou¬

2471 1789 447 287 Hiere.31.

2466 2461 349 251 Iehã.3.

2446 3389 374 226 Gal.4.

2420 4287 395 215 Rom.8.
