4267 6461
1680 703 252 194 66

2612 689 647 204 De grace.

1914 865 2141 233 piedz en criant mercy/ que un qͥ cuyde

1917 1026 2138 223 estre sainct/ ⁊ a faict moult de bonnes

1917 1180 2145 227 oeuures soy exaltant en icelles/ ⁊ esti¬

1914 1335 2144 226 mant que Dieu luy doibt le royaume

1925 1486 2130 215 des cieulx/ a causes de ses bõnes oeu¬

1917 1636 2138 223 ures. Car (cõe iay dict) Dieu ne ueult

1907 1798 2122 219 nully sauuer pour ses bõnes oeuures:

1907 1956 2133 204 mais nous ueult tous sauuer ꝑ sa mi

1907 2103 2108 212 sericorde/ affin q̃ luy en scachions gre,

1896 2250 2119 219 et le remerciõs: ⁊ affin q̃ a luy seul et a

1907 2408 2101 212 son nom puisse estre dõnee toute gloi¬

1900 2570 2097 208 re/ ⁊ louenge/ ⁊ grace ⁊ q̃ tout le mon

1907 2699 2101 219 de puisse priser ⁊ exalter la bõte ⁊ mi¬

1917 2842 2098 230 sericorde de Dieu seule. Car sainct

1903 2993 2098 237 Paul dit. Maintenant sans la loy est

1903 3151 2069 223 manifestee la iustice de Dieu. Et poͬ

1896 3298 2101 230 ceste cause ne uouloit dieu nul laisser

1903 3453 2083 219 uenir en la uie eternelle, deuãt la na¬

1892 3610 2087 219 tiuite de Iesu Christ/ ne Abraham ne

1892 3754 2080 208 Isaac ne Dauid. Car (cõme dit saĩct

1889 3905 2076 233 Paul) Ilz ont peche/ et tous besoing

1882 4059 2050 226 de la grace de Dieu. Et ce a il uoulu

1867 4203 2062 240 ainsi/ affin q̃ eux ⁊ noꝰ aussi sceussiõs,

1858 4371 2101 194 que tous ceux qͥ ont obtenu et obtien¬

1871 4508 2058 219 drõt salut, le ont obtenu, ⁊ lobtiẽdrõt

1864 4657 2063 301 ꝑ la mort de Iesu Christ/ et point par

3588 4860 323 219 leurs

1447 2957 424 198 Rom.3.

1433 3718 413 190 Rom.3.
