4267 7452
2875 596 248 227 235

1246 596 1156 252 Chapitre .xxui.

422 782 2459 255 roys/ leq̃l Abrahã estoit toutesfoys un

440 968 2441 274 sainct hõe. Item le S. Prophete Sa¬

430 1175 2461 228 muel occist ainsi le roy Agag/ cõe il est

430 1349 2457 232 escript au p̃mier liure des roys/ Et le

439 1523 2448 232 S. ꝓphete Helyas occist pareillement

439 1701 2448 236 les faux ꝓphetes de lydole Baal/ cõe

434 1891 2441 212 il est escript au tiers liure des roys.

439 2057 2440 224 Ainsi ont use du glaiue Moyse/ Io¬

434 2239 2453 224 sue/ les enfans d Israel/ Sãpson/ Da

410 2413 2469 224 uid/ ⁊ plusieurs autres sainctz roys en

410 2587 2477 215 lãcien Testamẽt. Aucũ pourroit maĩ¬

397 2753 2494 223 tenãt dire lancien Testamẽt est main

393 2935 2502 211 tenãt fine ⁊ na plus de lieu/ pourtant

401 3096 2498 232 ne peut on bailler nulz telz exẽples ne

397 3270 2494 211 mettre au deuãt aux Chrestiẽs. Respõ

405 3452 2490 228 se. Cela nest point uray. Car S. Paul

391 3620 2478 230 escript en la premiere Epistre aux Co

405 3804 2474 220 rinthiẽs: Noz peres ont toꝰ mãge une

414 3982 2461 220 mesme uiande spirituelle/ ⁊ ont tous

426 4160 2424 215 beuz un mesme spirituel bruuage.

426 4330 2449 224 Maisil beuuoyẽt de la spirituelle pier

422 4508 2448 224 re qͥ les suyuoit ⁊ la pierre estoit christ.

422 4686 2448 224 Cestadire/ Il ont eu le mesme esprit/ ⁊

434 4864 2441 215 foy en Christ laq̃lle noꝰ auõs/ et ainsi

418 5042 2444 228 ont ilz este aussi biẽ Chrestiẽs q̃ nous.

426 5216 2449 277 Poͬ ceste cause ꝑ tout ou ilz ont faict

2440 5394 435 277 droit/

2906 788 534 255 1.Reg.15.

2906 999 460 249 3.reg.18.

2881 3589 435 267 1.cor.◊0.
