4267 6154
2343 666 190 313 97

1128 683 814 181 Chapitre .xi.

386 834 2055 188 ayme q̃ tu as uoulu souffrir la mort

396 994 2014 199 pour moy/ quãd ie ne te cõgnoissoys

393 1141 2020 185 point encore/ ⁊ estoye encore ton enne¬

400 1278 2007 202 my/ iay esperãce o mon tresmisericor¬

393 1422 2017 201 dieux Dieu/ q̃ tu ne laisseras poĩt pe¬

379 1569 2021 198 rir celuy/ pour leq̃l tu as respãdu ton

376 1712 2020 195 sang. Car ie te cõgnois estre un Sei¬

359 1853 2020 212 gneur tout puissant/ qui peuz toutes

345 2000 2051 205 choses au ciel, ⁊ en la terre. Et ie te con

359 2147 2030 201 fesse/ ⁊ adore ⁊ suys certain q̃ tu ne me

355 2287 2024 208 ueulx point dãner. Iasoit q̃ nay poĩt

352 2434 2031 201 desseruy le ciel par mes bõnes oeures/

359 2571 2020 211 ie scay ⁊ croy que tu as satisfaict pour

352 2718 2024 208 moy/ quãd tu souffrois la mort en la

348 2868 2017 195 croix. Tu mas rachete de ton p̃cieux

348 3001 2021 212 sang/ ⁊ ie appartiens a toy/ ⁊ le diable

341 3152 2014 222 na nul droit sur moy: Neantmoins si

345 3292 2034 215 tu me ueulx damner/ o tresmisericor¬

352 3432 2013 229 dieux Dieu/ tu le peuz bien faire/ car

352 3582 1996 226 ie suis tiẽ/ ⁊ tu peuz faire de moy tout

352 3726 2010 219 ce qͥl te plaist. Ie suis ta creature. Ta

352 3866 1996 233 uolũte soit faicte cõe au ciel aĩsi aussi

338 4017 2007 229 en terre. Toutesfoys/ affin q̃ ta dolo¬

338 4167 2010 222 reuse passion ne soit perdue en moy/ ie

317 4314 2025 226 te prie o mon tresmisericordieux Sei¬

331 4465 2031 259 gneur Iesu Christ que tu me uueilles

1764 4653 588 194 G rece¬
