4267 6400
2588 632 153 228 Az

1041 625 808 196 Chapitre .ii.

373 789 2105 206 re, il ne peut eschapper du diable sans

376 949 2098 203 estre baptise par le sang de Christ. Et

391 1095 2094 217 pour ce que les enfans Disrael uirẽt

401 1258 2066 192 que pharao les suyuoit ilz ont creu en

405 1400 2073 200 Dieu, ⁊ sur icelle foy, ilz sont entrez

394 1553 2077 192 en la mer comme silz feussent allez en

384 1696 2058 206 la mort. Mais par le moyẽ de leͬ foy,

380 1852 2098 196 ilz ont passe leaue ⁊ sont allez comme

384 1994 2090 206 de la mort a uie. Ainsi si quelcun

387 2147 2094 203 ueult eschapper des mains du diable

376 2300 2091 210 il fault entrer en leaue. Il ẽtre en icel¬

380 2460 2105 185 le comme sil entroit en la mort. Car il

394 2602 2077 196 promet la uouloir mourir de toꝰ ses

398 2741 2076 206 mauluais desirs, ⁊ quil ueult icy ui¬

391 2894 2083 199 ure deuant le monde/ comme sil estoit

394 3043 2073 206 mort, cestadire, qͥl ne ueult point ui¬

394 3196 2070 203 ure comme uit le monde, mais ueult

394 3335 2077 213 absconser ⁊ celer sa uie auec Dieu. Et

408 3488 2049 216 ainsi entrõs noꝰ ꝑ Foy au baptesme,

416 3648 2051 202 cestadire, par foy entreprenons den¬

408 3797 2063 206 trer en la mort, non point en la mort

401 3950 2070 202 corporelle, mais de peche, non plus

408 4088 2063 214 uoulãs uiure en peche. Et iasoit que

412 4245 2041 210 ce noꝰ semble une chose pesante ⁊ dif

416 4394 2058 217 ficile de ainsi entrer en la mer, cestadi

408 4551 2073 263 re, en ceste mort/ nous prenõs toutes¬

1621 4725 827 261 O 4 soys
