4267 6225
1640 539 228 242 258

2550 539 907 187 Des ueufues.

1925 1162 265 337 S

2104 698 1830 204 ¶ De la uie des ueufues/ une

2083 861 1841 183 briefue information selon lE¬

2235 1016 1554 201 uangile. Chap̃. .xxxi.

1973 1162 2069 221 Ainct Paul Apostre ẽseigne escri

2135 1321 1893 204 puant a son disciple Timothee/ q̃

1931 1473 2107 197 la ueufue usera de sa liberte a lhon¬

1920 1628 2125 198 neur de Dieu/ et quelle serue uolun¬

1917 1784 2125 204 tiers aux paoures/ leur lauant les

1924 1943 2121 190 piedz/ et les secourant selon son pou¬

1920 2085 2118 204 uoir. Et affin q̃lle aye dont elle puisse

1927 2241 2108 176 subuenir aux paoures/ elle nira point

1917 2379 2104 200 babiller oyseuse de maison en maison:

1924 2534 2104 191 mais gaignera les despens en sa mai

1937 2666 2084 214 son par son labeur. Et fault quelle se

1934 2825 2087 204 garde doysifuete/ ⁊ de delicatemẽt boi

1924 2981 2086 207 re et menger/ car par tel moyen uien¬

1920 3126 2094 214 nẽt elles en mauuais desirs/ ⁊ uilains

1920 3281 2080 201 pechez. Et telles ueufues uiuantes

1920 3427 2128 211 ainsi en uolupte charnelle/ sont uiuã

1917 3589 2086 197 tes mortes/ cõme dit S. Paul au pas¬

1927 3731 2076 211 saige dessusdict/ ⁊ elles uiuent en dan

1924 3887 2073 204 gereux estat. Il uauldroit tousiours

1920 4060 2070 176 beaucoup mieux de soy marier la secõ

1920 4184 2063 208 de foys/ que de uiure ainsi en oysifue¬

1920 4336 2066 201 te/ braguerie/ et uolupte. Mais la

1924 4478 2035 249 ueufue/ prenant ainsi ses playsances/

3495 4661 477 246 ne desire

1474 1162 432 207 1.timo.2.
