4267 6342
1673 658 331 205 224

2272 620 1512 218 De deux gouuernemens.

1878 775 2124 246 paix exterieure ⁊ estre priuez ꝯtre leut

1895 937 2114 215 uolunte. Ainsi nous expose ⁊ baille a

1914 1088 2099 238 entendre S. Paul aux Romains le

1899 1240 2124 239 glaiue/ ⁊ la iustice seculiere disant/ q̃ le

1899 1395 2128 239 glaiue nest point dõne au bras seculier

1909 1550 2118 239 pour crainte aux bons/ mais poͬ uen

1909 1712 1906 229 geance et punition des mauuais.

2068 1846 1969 236 Quand maintenant aucun uoul¬

1902 2018 2143 233 droit gouuerner le mõde (cestadire les

1909 2152 2132 247 mauuais) seulemẽt selon lEuãgile/ ⁊

1920 2300 2121 243 faire cesser toute loy mondaine/ et le

1916 2452 2118 229 glaiue de iustice disant qͥlz sont bapti¬

1934 2600 2100 218 sez ⁊ Chrestiens/ ausquelz le glaiue de

1920 2751 2107 229 iustice nest point besoing. Au mesmes

1937 2899 2093 236 fault il respõdre. Cest chose uraye que

1924 3060 2105 221 les urays Chrestiens non que faire de

1934 3216 2086 208 droit/ ne de glaiue pour eux mesmes.

1934 3357 2075 229 Mais fais diligẽce de remplir le mon

1934 3505 2079 233 de de urays Chrestiens/ deuãt q̃ tu les

1937 3650 2072 239 gouuerne Chrestiennemẽt/ ⁊ selõ lE¬

1944 3815 2062 205 uangile/ ⁊ ce scauras tu difficillement

1955 3949 2033 247 faire: car le mõde est grãdemẽt offus¬

1962 4111 2023 226 que ⁊ en grand peine peut il demourer

1980 4252 2005 236 uray chrestiẽ. Ceux ne sont point chre

1980 4404 1998 239 stiens qͥ sont baptisez ⁊ appellez Chre

1980 4562 2008 254 stiẽs. Pourtãt nest il possible au mon

3505 4707 476 285 de obser¬

1454 1130 444 249 Rom.13.
