4267 6200
2326 685 259 193 22i

961 633 965 207 Chapitre .xxui.

368 792 1992 217 tres droitz/ ⁊ loix/ car il ꝓcede du S.

372 943 1992 210 Esprit/ qͥ possesse/ et inhabite le coeur

375 1095 1979 203 du uray Chrestien. Mais les iniustes

361 1246 1993 200 ne font a nully droit/ pourtant ont ilz

358 1381 2002 220 besoing du droit ⁊ des loix/ par lesq̃l¬

351 1532 2006 221 les ilz soyent enseignez/ ⁊ cõtraintz a

365 1677 1985 220 faire biẽ. Un bon arbre na q̃ faire quõ

348 1829 1995 217 lenseigne de porter un bon fruict/ car

344 1966 2006 231 sa nature ladõne q̃ sans quelque ensei

334 2114 2009 217 gnemẽt il porte/ ⁊ ꝓduict un bõ fruit/

317 2256 2033 220 cõe sa nature est. Ainsi sont toꝰ urays

296 2393 2061 228 Chrestiens naturez par le S. Esprit ⁊

323 2535 2031 230 la foy/ quilz font toutes choses bien ⁊

327 2693 2037 196 cõme il appartient/ plus quon ne leur

344 2831 2010 213 scait cõmander par tous cõmãdemẽs

344 2969 1992 227 du mõde/ et ilz nont q̃ faire pour eux

348 3127 1813 200 mesmes/ ne de la loy/ ne de droit.

472 3268 1861 217 Mais aucun pourroit demander/

355 3410 1981 223 Pourquoy donc a nostre Seigñr Ie¬

351 3558 1985 237 sus Christ donne aux hões tant de cõ

337 3702 1996 228 mãdemens/ en lancien ⁊ au nouueau

334 3837 2009 251 Testamẽt? Respõse: S. Paul dit (cõe

323 3992 2013 241 est dit dessuz.) Au iuste nest mise aucu

317 4143 2026 241 ne loy/ mais aux iniustes/ cestadire/ a

323 4302 2013 220 ceux qͥ ne sont point encore Chrestiẽs.

320 4433 2002 273 Et pourtãt q̃ nul nest bon Chrestien/

1919 4646 397 221 ou bon

2337 4448 249 207 p̃s.13.
