4267 7085
2901 755 160 337 13

1228 771 944 248 Chapitre .I.

448 944 2382 303 son pere. Parquoy elle est certaine q̃l¬

437 1121 2364 296 le sera sauuee/ ⁊ est faicte participante

452 1306 2350 284 de la passion de Iesus Christ, dont le

440 1472 2354 283 baptesme a sa uertu. Et quãd au¬

440 1661 2358 287 cun est baptise/ il est derechef nay/ ⁊ a

425 1814 2346 291 un aultre pere/ ⁊ des aultres freres.

401 1979 2381 311 Car dieu est faict son pere/ ⁊ il est faict

401 2160 2366 304 frere de Iesus Christ: comme escript

384 2338 2340 301 sainct Paul aux Romains/ ou il ap¬

381 2507 2366 307 pelle Christ filz premier nay entre plu

385 2692 2354 299 sieurs. Et pour ce est Christ appelle en

373 2834 2350 310 la saincte escripture le filz ꝑmier nay:

373 3015 2362 307 car il est le uray filz naturel ⁊ legiti¬

362 3192 2369 283 me du pere/ ⁊ nous sommes toꝰ ado¬

366 3365 2346 307 ptifz par ceste regeneratiõ du baptes¬

366 3526 2357 319 me de lesprit/ qͥ est appelle en la sain¬

362 3699 2350 327 cte escripture la secõde natiuite. Cõme

377 3869 2362 319 dit Christ a Nicodeme/ que si lhomme

362 4054 2342 303 nest nay derechef/ il ne peut entrer au

350 4207 2307 339 Royaume des cieulx. Nous donc qui

342 4384 2315 327 estiõs enfans du diable/ sõmes faictz

330 4546 2341 330 enfans de Dieu par le baptesme de

336 4723 2323 342 lesprit/ cõme dit sainct Paul, q̃ Dieu

338 4900 2319 342 nous a guery par le lauement de rege

342 5089 2330 323 neratiõ ⁊ renouuatiõ du sainct esprit.

313 5231 2322 383 Et aux Ephesiens. Nous estions de

2216 5553 433 244 natu¬

2819 1145 449 313 Rom.6.

2736 2397 467 283 Rom.8.

2708 4369 303 279 Io.3.

2665 4859 390 254 Tit.3.

2641 5378 514 319 Ephe.2.
