4267 6254
1584 569 274 237 184

2185 569 1366 191 Denseigner les enfans

1834 729 2109 212 de ua maintenant) quil sera blesse en

1834 903 2123 187 lame/ possible par telles parolles que

1834 1052 2134 195 iamais il nen sera guary ⁊ encore ne

1838 1205 2123 191 le tiens tu point a lhostel. O monde

1845 1351 2119 209 sans sens? Il faut regarder de sca¬

1834 1504 2116 208 uoir a quelz uices ton enfant est le plꝰ

1827 1660 2130 198 enclin a auarice/ orgueil/ ou lubricite/

1852 1810 2116 198 ⁊ selon ce le faut il admonester ⁊ gar¬

1831 1970 2126 194 der. Et tu sõgeras de le ployer en tẽps

1834 2119 2113 205 qͥl est ieuue/ car alors le peut on ploy¬

1827 2268 2113 195 er/ ⁊ cõduire cõme on ueult. Si ton en

1834 2414 2092 188 fant est naturellement enclin a quel¬

1838 2560 2095 188 q̃ uertu/ tu songneras de lentretenir

1824 2706 2112 202 ⁊ auancer en icelle. Et tu doibs sca¬

1834 2862 2113 195 uoir que les filz sont tentez dautre pe¬

1831 3015 2095 191 chez que les filles/ es filles regne bau

1831 3165 2095 194 bant/ desir de beaux uestemens/ far¬

1831 3314 2095 191 dure de uiaire. Es filz couroux/ yuro

1827 3467 2102 184 gnerie ⁊ paillardise. Ainsi faut il quũ

1824 3623 2098 191 bon pere ⁊ mere considere diligẽment

1824 3776 2071 184 a quelle chose leurs enfans sont le plꝰ

1824 3919 2074 194 enclius/ ⁊ les conduyre ⁊ admonester

1824 4065 2060 208 en cela. Les parẽs se doibuent aussi

1831 4221 2039 201 garder destre trop durs ⁊ rigoreux a

1817 4374 2050 198 leurs enfans/ affin quilz ne les facent

1806 4523 2061 271 rebelles/ desobeissans ⁊ fugitifz/ ⁊ ain

3478 4707 368 216 si uoy¬
