4267 6457
1864 591 199 356 38

2770 674 668 222 De la Foy.

1995 846 2081 240 le peche de nostre p̃mier pere/ ⁊ ne sca¬

2002 1018 2060 219 uions aider nous mesmes: par ce que

1988 1151 2052 237 nous estions serfz ⁊ liez. Et nul ne po

1998 1312 2050 219 uoit satisfaire poͬ noꝰ/ car noꝰ estiõs

1988 1474 2095 194 tous semblablement subiectz/ ⁊ asser¬

1988 1619 2090 205 uiz/ cõe dit saĩct Paul aux Romains.

2009 1754 2064 236 Ilz ont tous peche, ⁊ ont affaire/ de la

1977 1931 2085 178 grace de Dieu. Il estoit besoing dõc/

1977 2073 2063 208 que celuy qͥ satisferoit pour nous/ fust

1973 2227 2053 197 sans peche/ ⁊ sans subiection ou obli¬

1970 2374 2045 208 gatiõ. Et nul tel patrõ/ ou mediateur

1966 2521 2056 216 estoit au monde. Une chose dõc estoit

1963 2679 2077 205 necessaire/ ou nous debuions eternel¬

1959 2823 2067 211 lemẽt demourer perduz/ ou il falloit/

1973 2963 2053 222 q̃ Dieu fust faict hõme. Ainsi a nostre

1950 3099 2106 258 Dieu tout puissãt eu pitie ⁊ cõpassiõ

1952 3264 2053 222 de nous/ par la grãd amour qͥl auoit

1950 3416 2074 226 uers nous. Et a icy enuoie son filz

1948 3562 2049 229 unique Iesu Christ/ comme escript le

1939 3696 2074 248 Prophete Hieremie/ disãt: Ie tay ay¬

1919 3874 2042 211 me en une charite perpetuelle/ portãt

1916 4017 2031 215 te ay ie attraict/ ayant misericorde. Et

1907 4175 2063 215 la enuoye/ affin q̃ par sa mort (laquel¬

1907 4304 2036 226 le il nauoit point desseruie) il appai¬

1896 4460 2010 205 sast dieu/ ⁊ satisfeist a luy pour nous/

1901 4622 1972 274 comme dit sainct Paul. Dieu le pere

3649 4817 237 223 nous

1530 1711 409 296 Rom.3.

1470 3637 453 253 Hiere.31.

1427 4573 453 215 2.Cor.2.
