4267 6154
2540 642 219 240 169

1063 656 855 188 Chapitre .xxi.

464 806 2021 219 pour heretiq̃s/ qͥ dient q̃ un religieux

464 967 2028 192 ne doibt poĩt labourer. Mais pour

471 1107 2028 209 quoy sõt auiourdhuy toꝰ religieux tãt

471 1251 2031 205 corrũpus ⁊ dissolus/ fors poͬce qͥlz sõt

478 1405 2028 195 deuenuz trop riches/ ⁊ qͥlz ne ueulent

478 1552 2011 188 plꝰ labourer: Pourtãt ꝑ trop estre oy¬

475 1695 2003 202 seux/ ⁊ souefmẽt ou delicatemẽt mã¬

454 1866 2035 164 ger ⁊ auoir tous ses aises/ ⁊ demourer

441 1989 2041 195 encore en bonte/ cest chose impossible.

444 2140 2031 195 Par quoy quãd les mõasteres seroĩt ð

441 2294 2041 174 rechief appouuryz/ ou mieux du tout

441 2434 2041 178 aboliz, les moines cõmẽceroĩt a labou

451 2581 2034 167 rer de leͬs mains/ et ainsi deuiẽdroint

454 2718 2031 177 les religieux meilleurs. Car le labeur

458 2865 2020 188 corporel est cõmãde a toutes ꝑsõnes,

458 3005 2024 188 ꝑ le cõmãdemẽt q̃ dieu bailla a Adã/

458 3152 2020 188 quãd il luy disoit. En la sueur de ton

468 3309 1995 181 uisaige mãgeras tu tõ pain. Et lescri

468 3456 1987 188 pture dit manifestemt q̃ celuy qͥ ne la¬

475 3596 2000 181 beure point ne doibt poĩt mãger. Par

471 3736 2007 171 ce peut on ueoir/ dõt ce uiẽt q̃ les reli¬

475 3890 1996 188 gieux ⁊ aussi toꝰ p̃bstrez sõt ainsi cor¬

461 4034 1997 191 rũpuz. Ce nest par autre chose nulle,

468 4181 2007 198 fors poͬ ce qͥlz sont oyseux/ ⁊ quilz ont

454 4335 2017 184 trop de biẽs/ ꝑ quoy toute humilite/ ⁊

454 4471 2000 209 simplesse/ laq̃lle estoit en Iesꝰ Christ/

1777 4636 724 256 C 5 ⁊ ses

2495 3169 359 171 Geñ.3.

2496 3321 410 161 2.Phil.3

2476 3456 433 182 2.thes.3.
