4267 6633
1530 663 332 210 2¬

2083 674 1704 239 De quatre manieres de Foy.

1792 851 2139 236 point tenu de faire. Mais noꝰ, de noꝰ

1796 1017 2142 228 mesmes, ⁊ quand nous faisons noz

1796 1160 2153 243 mieulx, encore ne peut nostre iustice

1798 1310 2136 248 estre parfaicte. Quaud aussi (selon

1784 1466 2162 243 nostre aduis (noꝰ faisons plus, que

1784 1625 2162 235 ne sommes tenuz de faire, encore som

1781 1794 2146 218 mes nous iniustes, ⁊ auons besoing,

1784 1930 2143 225 que la iustice diuine noꝰ uiẽne en ay¬

1781 2085 2154 225 de, si uoulons estre iustifiez. Car com

1765 2233 2164 243 me dit S. Paul: Par luy) assauoir

1773 2398 2154 225 par Dieu le pere) sommes noꝰ en Ie

1781 2546 2139 225 su Christ, qͥ de Dieu nous a este faict

1781 2690 2128 228 sapiẽce: ⁊ iustice, ⁊ sanctification, ⁊ re¬

1782 2835 2119 216 dẽption, affin que (cõe il est escript)

1770 2992 2102 228 celuy qͥ se glorifie, se glorifie au Sei¬

1773 3143 2092 225 gneur Dieu. Et sainct Paul nous en

1784 3294 2073 236 seigne en toutes ses Epistres, que Ie

1773 3445 2092 236 sus Christ est nostre iustice, ⁊ que par

1762 3603 2103 229 luy, nous serõs sauuez, ⁊ ꝑ autre nul.

1777 3755 2091 224 Maintenant uois tu bien, que nul

1751 3920 2099 207 ne peut faire trop, mesmemẽt que nul

1748 4064 2083 217 ne peut faire assez de soymesme, ⁊ quil

1751 4211 2077 218 nous fault prendre nostre refuge a la

1759 4359 2050 225 satisfaction de Iesu Christ. Pour¬

1759 4521 2032 214 quoy donc nous ueulent aucuns uen

1751 4668 2047 244 dre leurs merites, ⁊ bonnes oeuures,

3499 4867 288 218 ⁊ di¬

1361 1216 409 293 Rom.3.

1317 2216 409 210 1.Cor.1.
