4267 6999
1447 659 164 285 6

2485 614 591 218 Preface.

1645 773 2283 261 Et ainsi est il besoing q̃ chascun Chre¬

1653 944 2275 265 stien desespere/ ⁊ espere (cõe fit Abra¬

1657 1115 2283 257 ham) desesperant de soymesme: ⁊ de

1657 1287 2291 248 rechef esperant pour les parolles de

1657 1450 2291 245 Dieu. Et ces deux choses sont faictes

1664 1613 2268 249 par la Loy/ ⁊ Leuangile. La Loy noꝰ

1676 1784 2275 249 faict desesperer poͬ ce que iamais nac¬

1668 1948 2283 245 cõplissons les cõmandemẽs de Dieu.

1672 2123 2287 241 Leuãgile (cestadire/ la grace du nou

1676 2286 2283 245 ueau testament) nous faict de rechef

1684 2457 2271 233 certainement esperer/ ⁊ fier. Et en ces

1692 2624 2275 241 deux poinctz est cõprinse lescripture.

1699 2791 2264 234 La personne demourera tousiours en

1699 2955 2260 210 humilite/ ⁊ pensera tousiours que si

1703 3126 2252 221 Dieu la uouloit iuger selon ses oeu¬

1699 3281 2260 234 ures/ q̃lle ne paruiẽdroit iamais a sa¬

1695 3445 2264 237 lut. Cõme nous enseigne Iesus christ

1704 3616 2247 239 en saintt Luc/ disant: Quãd uous au

1707 3775 2241 233 rez faict toutes les choses lesquelles

1715 3938 2233 226 uous sont cõmandees/ dictes. Nous

1711 4117 2233 222 sommes seruiteurs inutiles/ nous a¬

1715 4273 2221 214 uons faict ce que debuions faire. Et

1711 4436 2229 237 ceste est la uraye humilite Chrestiẽne:

1719 4611 2221 218 cõme en ce present liure sera plus am¬

1715 4770 2233 230 plement declaire. Et si ainsi nous sca

1719 4953 2236 257 uons reputer toutes noz bonnes oeu¬

3660 5109 291 194 ures

1272 3610 414 239 Luc.17.
