<?xml version="1.0" encoding="UTF-8"?>
<alto xmlns:xsi="http://www.w3.org/2001/XMLSchema-instance"
      xmlns="http://www.loc.gov/standards/alto/ns-v4#"
      xsi:schemaLocation="http://www.loc.gov/standards/alto/ns-v4# http://www.loc.gov/standards/alto/v4/alto-4-2.xsd">
  <Description>
    <MeasurementUnit>pixel</MeasurementUnit>
    <sourceImageInformation>
      <fileName>La_somme_de_lescripture_saincte_...Luther_Martin_bpt6k328613m.pdf_page_227.png</fileName>
      <fileIdentifier>pdf//La_somme_de_lescripture_saincte_...Luther_Martin_bpt6k328613m.pdf</fileIdentifier>
    </sourceImageInformation>
  </Description>
  <Tags>
    <OtherTag ID="BT7" LABEL="CustomZone" DESCRIPTION="block type CustomZone"/><OtherTag ID="BT8" LABEL="DamageZone" DESCRIPTION="block type DamageZone"/><OtherTag ID="BT9" LABEL="DigitizationArtefactZone" DESCRIPTION="block type DigitizationArtefactZone"/><OtherTag ID="BT10" LABEL="DropCapitalZone" DESCRIPTION="block type DropCapitalZone"/><OtherTag ID="BT11" LABEL="GraphicZone" DESCRIPTION="block type GraphicZone"/><OtherTag ID="BT12" LABEL="MainZone" DESCRIPTION="block type MainZone"/><OtherTag ID="BT13" LABEL="MarginTextZone" DESCRIPTION="block type MarginTextZone"/><OtherTag ID="BT14" LABEL="MusicZone" DESCRIPTION="block type MusicZone"/><OtherTag ID="BT15" LABEL="NumberingZone" DESCRIPTION="block type NumberingZone"/><OtherTag ID="BT17" LABEL="QuireMarksZone" DESCRIPTION="block type QuireMarksZone"/><OtherTag ID="BT18" LABEL="RunningTitleZone" DESCRIPTION="block type RunningTitleZone"/><OtherTag ID="BT19" LABEL="SealZone" DESCRIPTION="block type SealZone"/><OtherTag ID="BT20" LABEL="StampZone" DESCRIPTION="block type StampZone"/><OtherTag ID="BT21" LABEL="TableZone" DESCRIPTION="block type TableZone"/><OtherTag ID="BT22" LABEL="TitlePageZone" DESCRIPTION="block type TitlePageZone"/><OtherTag ID="BT3120" LABEL="text" DESCRIPTION="block type text"/>
    <OtherTag ID="LT7" LABEL="CustomLine" DESCRIPTION="line type CustomLine"/><OtherTag ID="LT8" LABEL="DefaultLine" DESCRIPTION="line type DefaultLine"/><OtherTag ID="LT9" LABEL="DropCapitalLine" DESCRIPTION="line type DropCapitalLine"/><OtherTag ID="LT10" LABEL="HeadingLine" DESCRIPTION="line type HeadingLine"/><OtherTag ID="LT11" LABEL="InterlinearLine" DESCRIPTION="line type InterlinearLine"/><OtherTag ID="LT12" LABEL="MusicLine" DESCRIPTION="line type MusicLine"/><OtherTag ID="LT958" LABEL="default" DESCRIPTION="line type default"/>
  </Tags>
  <Layout>
    <Page WIDTH="4267"
          HEIGHT="6200"
          PHYSICAL_IMG_NR="226"
          ID="eSc_dummypage_">
      <PrintSpace HPOS="0"
                  VPOS="0"
                  WIDTH="4267"
                  HEIGHT="6200">
        <TextBlock HPOS="2290"
                   VPOS="625"
                   WIDTH="317"
                   HEIGHT="154"
                   ID="eSc_textblock_606c0d59"
                   TAGREFS="BT15">
          <Shape><Polygon POINTS="2290 625 2290 779 2607 779 2607 625"/></Shape>
          <TextLine ID="eSc_line_491566e8"
                    TAGREFS="LT8"
                    BASELINE="2312 744 2574 744" 
                    HPOS="2312"
                    VPOS="613"
                    WIDTH="262"
                    HEIGHT="327">
            <Shape><Polygon POINTS="2553 637 2550 633 2347 613 2347 616 2312 623 2312 744 2312 854 2360 854 2491 936 2495 936 2498 936 2502 940 2574 940 2574 744 2571 657 2553 637"/></Shape>
            <String CONTENT="223"
                    HPOS="2312"
                    VPOS="613"
                    WIDTH="262"
                    HEIGHT="327"
                    ></String>
          </TextLine>
        </TextBlock>
        <TextBlock HPOS="852"
                   VPOS="580"
                   WIDTH="1028"
                   HEIGHT="181"
                   ID="eSc_textblock_ae79b604"
                   TAGREFS="BT18">
          <Shape><Polygon POINTS="852 580 852 761 1880 761 1880 580"/></Shape>
          <TextLine ID="eSc_line_11b9f017"
                    TAGREFS="LT10"
                    BASELINE="885 713 1850 726" 
                    HPOS="882"
                    VPOS="578"
                    WIDTH="968"
                    HEIGHT="207">
            <Shape><Polygon POINTS="1737 609 1675 589 1644 589 1616 589 1582 606 1554 585 1540 585 1506 585 1475 609 1371 609 1285 582 1264 582 1230 582 1206 582 1133 602 1085 578 1058 578 1023 578 989 578 982 578 885 589 885 713 882 768 985 750 1034 775 1037 775 1040 775 1044 775 1047 775 1047 771 1071 747 1154 778 1158 778 1161 778 1164 778 1216 750 1613 785 1616 785 1847 761 1850 726 1843 613 1833 609"/></Shape>
            <String CONTENT="Chapitre .xxui."
                    HPOS="882"
                    VPOS="578"
                    WIDTH="968"
                    HEIGHT="207"
                    WC="0.9943581144014995"></String>
          </TextLine>
        </TextBlock>
        <TextBlock HPOS="211"
                   VPOS="767"
                   WIDTH="2198"
                   HEIGHT="3846"
                   ID="eSc_textblock_4bb68739"
                   TAGREFS="BT12">
          <Shape><Polygon POINTS="303 767 211 4566 2296 4613 2409 791"/></Shape>
          <TextLine ID="eSc_line_e0e9e0d1"
                    TAGREFS="LT8"
                    BASELINE="337 868 2350 909" 
                    HPOS="334"
                    VPOS="737"
                    WIDTH="2016"
                    HEIGHT="206">
            <Shape><Polygon POINTS="475 740 441 740 434 740 358 754 337 785 337 868 334 905 2343 943 2350 909 2350 799 2243 764 2240 764 2236 764 2233 764 2230 764 2181 795 1957 757 1954 757 1950 757 1881 788 1799 757 1795 757 1792 757 1788 757 1785 757 1757 775 1750 764 1747 764 1747 761 1744 761 1740 761 1737 761 1733 761 1668 781 1623 761 1619 761 1616 761 1516 781 1347 744 1058 740 1054 740 1051 740 996 771 889 771 637 764 613 740 613 737 610 737 606 737 603 737 513 747 499 737 475 740"/></Shape>
            <String CONTENT="malice quand ainsi seroit qͥlz le uoul¬"
                    HPOS="334"
                    VPOS="737"
                    WIDTH="2016"
                    HEIGHT="206"
                    WC="0.9895312297038543"></String>
          </TextLine>
          <TextLine ID="eSc_line_af181b27"
                    TAGREFS="LT8"
                    BASELINE="351 1029 1227 1026 2323 1054" 
                    HPOS="348"
                    VPOS="902"
                    WIDTH="1975"
                    HEIGHT="210">
            <Shape><Polygon POINTS="351 1029 348 1057 437 1088 441 1088 444 1088 448 1088 558 1060 654 1091 658 1091 661 1091 813 1064 847 1091 851 1091 854 1091 858 1091 861 1091 865 1091 896 1067 1313 1071 1344 1098 1347 1098 1351 1098 1354 1098 1561 1074 1657 1098 1661 1098 1664 1098 1668 1098 1723 1078 1747 1102 1747 1105 1750 1105 1754 1105 1757 1105 1930 1088 1995 1109 1999 1109 2316 1112 2323 1054 2323 947 2209 919 2205 919 2071 943 1843 943 1788 912 1785 912 1781 912 1778 912 1775 912 1737 940 1578 940 1420 909 1416 909 1413 909 1351 933 1292 916 1289 916 1285 916 1078 930 971 902 968 902 965 902 351 902 351 1029"/></Shape>
            <String CONTENT="sissent, silz le commẽcent a faire, affin"
                    HPOS="348"
                    VPOS="902"
                    WIDTH="1975"
                    HEIGHT="210"
                    WC="0.9927719476677123"></String>
          </TextLine>
          <TextLine ID="eSc_line_adf2befe"
                    TAGREFS="LT8"
                    BASELINE="348 1160 2333 1205" 
                    HPOS="344"
                    VPOS="1040"
                    WIDTH="1989"
                    HEIGHT="206">
            <Shape><Polygon POINTS="348 1160 344 1195 375 1215 379 1215 382 1215 386 1215 492 1195 520 1215 520 1219 523 1219 527 1219 530 1219 799 1202 906 1226 909 1226 1106 1209 1178 1233 1182 1233 1185 1233 1189 1233 1254 1212 1433 1215 1454 1236 1454 1240 1457 1240 1461 1240 1464 1240 1468 1240 1523 1219 1678 1222 1713 1246 1716 1246 1719 1246 1723 1246 2329 1240 2333 1205 2333 1109 2071 1105 1961 1071 1957 1071 1954 1071 1730 1095 1688 1064 1685 1064 1681 1064 1678 1064 1492 1085 1268 1054 1068 1050 1065 1050 1061 1050 1013 1071 947 1047 944 1047 940 1047 937 1047 868 1074 827 1047 823 1047 820 1047 816 1047 813 1047 765 1074 668 1074 630 1043 627 1043 623 1043 544 1040 541 1040 537 1040 489 1064 410 1043 406 1043 403 1043 399 1043 348 1060 348 1160"/></Shape>
            <String CONTENT="quilz ne le facẽt sans peur, et en paix."
                    HPOS="344"
                    VPOS="1040"
                    WIDTH="1989"
                    HEIGHT="206"
                    WC="0.9935891875406591"></String>
          </TextLine>
          <TextLine ID="eSc_line_0edee8b8"
                    TAGREFS="LT8"
                    BASELINE="337 1308 2333 1346" 
                    HPOS="334"
                    VPOS="1184"
                    WIDTH="1999"
                    HEIGHT="214">
            <Shape><Polygon POINTS="337 1308 334 1336 523 1343 544 1364 548 1364 551 1364 554 1364 654 1346 689 1367 692 1367 696 1367 699 1367 703 1367 741 1350 1058 1350 1271 1381 1275 1381 1454 1364 1478 1384 1482 1384 1485 1384 1488 1384 1595 1370 1654 1388 1657 1388 1661 1388 1664 1388 1726 1374 2326 1398 2333 1346 2329 1226 2223 1250 2157 1250 2133 1226 2133 1222 2130 1222 2126 1222 2123 1222 2119 1222 2116 1222 2085 1243 1799 1243 1740 1240 1709 1212 1709 1209 1706 1209 1702 1209 1699 1209 1695 1209 1619 1236 1588 1209 1588 1205 1585 1205 1582 1205 1578 1205 1575 1205 1471 1233 1430 1202 1426 1202 1423 1202 1261 1202 1258 1202 1254 1202 1251 1202 1213 1229 1092 1229 1027 1195 1023 1195 1020 1195 1016 1195 930 1222 872 1205 868 1205 865 1205 765 1219 699 1188 696 1188 692 1188 554 1215 523 1188 523 1184 520 1184 517 1184 513 1184 337 1209 337 1308"/></Shape>
            <String CONTENT="Cõe une mauuaise beste sauuaige est"
                    HPOS="334"
                    VPOS="1184"
                    WIDTH="1999"
                    HEIGHT="214"
                    WC="0.999628065360917"></String>
          </TextLine>
          <TextLine ID="eSc_line_5caa0565"
                    TAGREFS="LT8"
                    BASELINE="334 1450 2340 1498" 
                    HPOS="330"
                    VPOS="1329"
                    WIDTH="2010"
                    HEIGHT="227">
            <Shape><Polygon POINTS="334 1450 330 1484 475 1515 479 1515 616 1494 761 1522 765 1522 903 1501 1065 1529 1068 1529 1189 1512 1295 1532 1299 1532 1302 1532 1306 1532 1340 1512 1513 1515 1561 1539 1564 1539 1568 1539 1668 1522 1761 1546 1764 1546 1768 1546 1771 1546 1847 1525 1926 1550 1930 1550 1933 1550 2040 1532 2074 1553 2078 1553 2081 1553 2309 1556 2312 1556 2316 1556 2319 1556 2336 1539 2340 1498 2336 1395 2230 1395 2198 1374 2195 1374 2192 1374 2188 1374 2185 1374 2143 1391 1771 1384 1626 1357 1623 1357 1619 1357 1537 1377 1354 1377 1302 1350 1299 1350 1295 1350 978 1364 958 1346 958 1343 954 1343 951 1343 947 1343 854 1357 830 1339 827 1339 823 1339 820 1339 730 1357 623 1333 620 1333 472 1346 334 1329 334 1450"/></Shape>
            <String CONTENT="lyee de chaines ⁊ lyens q̃lle ne peut ne"
                    HPOS="330"
                    VPOS="1329"
                    WIDTH="2010"
                    HEIGHT="227"
                    WC="0.9997495979070663"></String>
          </TextLine>
          <TextLine ID="eSc_line_1640aec9"
                    TAGREFS="LT8"
                    BASELINE="330 1598 2329 1643" 
                    HPOS="327"
                    VPOS="1481"
                    WIDTH="2002"
                    HEIGHT="217">
            <Shape><Polygon POINTS="330 1598 327 1649 479 1636 503 1653 506 1653 510 1653 513 1653 775 1643 889 1667 892 1667 1006 1649 1096 1674 1099 1674 1102 1674 1282 1656 1309 1677 1313 1677 1316 1677 1320 1677 1323 1677 1402 1656 1561 1684 1564 1684 1740 1670 1899 1691 1902 1691 1906 1691 1909 1691 1933 1670 1964 1691 1968 1691 1971 1691 1974 1691 1978 1691 2033 1674 2085 1694 2088 1694 2092 1698 2326 1698 2329 1643 2329 1546 1719 1536 1678 1505 1675 1505 1671 1505 1668 1505 1664 1505 1613 1529 1406 1498 1402 1498 1261 1522 1120 1498 1116 1498 1113 1498 1051 1515 947 1488 944 1488 940 1488 692 1508 641 1481 637 1481 634 1481 630 1481 561 1505 520 1484 517 1484 513 1484 330 1498 330 1598"/></Shape>
            <String CONTENT="mordre ne frapper selon sa nature, ia¬"
                    HPOS="327"
                    VPOS="1481"
                    WIDTH="2002"
                    HEIGHT="217"
                    WC="0.9812985235138943"></String>
          </TextLine>
          <TextLine ID="eSc_line_7112526f"
                    TAGREFS="LT8"
                    BASELINE="337 1746 2329 1787" 
                    HPOS="334"
                    VPOS="1625"
                    WIDTH="1995"
                    HEIGHT="221">
            <Shape><Polygon POINTS="337 1746 334 1794 361 1808 365 1808 368 1808 496 1787 523 1808 523 1811 527 1811 530 1811 534 1811 816 1794 999 1822 1002 1822 1130 1801 1371 1822 1375 1822 1495 1808 1588 1832 1592 1832 1595 1832 1599 1832 1657 1811 1830 1839 1833 1839 1988 1825 2161 1846 2164 1846 2326 1822 2329 1787 2329 1684 2226 1660 2223 1660 2095 1677 2064 1656 2061 1656 2057 1656 2054 1656 1912 1674 1719 1649 1716 1649 1713 1649 1664 1670 1592 1646 1588 1646 1585 1646 1582 1646 1499 1667 1309 1639 1306 1639 1168 1660 999 1632 996 1632 899 1653 620 1625 616 1625 337 1629 337 1746"/></Shape>
            <String CONTENT="soit q̃ toutesfoys elle acõpliroit uolũ¬"
                    HPOS="334"
                    VPOS="1625"
                    WIDTH="1995"
                    HEIGHT="221"
                    WC="0.9842648321673984"></String>
          </TextLine>
          <TextLine ID="eSc_line_c02d7248"
                    TAGREFS="LT8"
                    BASELINE="323 1884 2336 1946" 
                    HPOS="320"
                    VPOS="1767"
                    WIDTH="2016"
                    HEIGHT="220">
            <Shape><Polygon POINTS="323 1884 320 1915 396 1939 399 1939 403 1939 568 1928 585 1942 585 1946 589 1946 592 1946 596 1946 599 1946 637 1928 692 1949 696 1949 699 1949 834 1935 878 1956 882 1956 885 1956 978 1942 1168 1963 1171 1963 1175 1963 1216 1946 1392 1970 1395 1970 1530 1956 1557 1977 1561 1977 1564 1977 1568 1977 1571 1977 1623 1959 1657 1980 1661 1980 1664 1980 1668 1980 1771 1966 1888 1987 1892 1987 2333 1984 2336 1946 2333 1825 2147 1846 2105 1818 2102 1818 2099 1818 2095 1818 2092 1818 2088 1818 2088 1822 2061 1842 1833 1839 1795 1808 1792 1808 1788 1808 1785 1808 1781 1808 1685 1832 1440 1798 1437 1798 1289 1818 1127 1787 1123 1787 1120 1787 1044 1811 882 1787 878 1787 720 1801 685 1773 682 1773 678 1773 675 1773 572 1791 489 1773 485 1773 482 1773 479 1773 461 1791 413 1767 410 1767 406 1767 403 1767 323 1787 323 1884"/></Shape>
            <String CONTENT="tiers su mauuaise nature. Ce que nest"
                    HPOS="320"
                    VPOS="1767"
                    WIDTH="2016"
                    HEIGHT="220"
                    WC="0.9891225308985323"></String>
          </TextLine>
          <TextLine ID="eSc_line_602f59c1"
                    TAGREFS="LT8"
                    BASELINE="310 2028 2340 2090" 
                    HPOS="306"
                    VPOS="1915"
                    WIDTH="2034"
                    HEIGHT="230">
            <Shape><Polygon POINTS="310 2028 306 2077 644 2077 727 2097 730 2097 734 2097 861 2083 875 2101 878 2101 878 2104 882 2104 885 2104 1013 2108 1016 2108 1175 2094 1261 2114 1264 2114 1268 2114 1430 2101 1661 2128 1664 2128 1885 2114 2002 2139 2005 2139 2109 2121 2236 2145 2240 2145 2336 2128 2340 2090 2340 1994 1695 1977 1630 1946 1626 1946 1457 1939 1454 1939 1451 1939 1406 1959 1230 1932 1227 1932 1037 1946 965 1928 961 1928 958 1928 954 1928 951 1928 951 1932 934 1946 782 1918 778 1918 775 1918 716 1935 672 1915 668 1915 665 1915 568 1935 544 1915 541 1915 537 1915 534 1915 310 1928 310 2028"/></Shape>
            <String CONTENT="point besoing a une beste priuee, car"
                    HPOS="306"
                    VPOS="1915"
                    WIDTH="2034"
                    HEIGHT="230"
                    WC="0.999762881446529"></String>
          </TextLine>
          <TextLine ID="eSc_line_0265eeab"
                    TAGREFS="LT8"
                    BASELINE="299 2176 2329 2235" 
                    HPOS="296"
                    VPOS="2063"
                    WIDTH="2033"
                    HEIGHT="227">
            <Shape><Polygon POINTS="299 2176 296 2232 417 2211 565 2232 568 2232 765 2225 792 2249 792 2252 796 2252 799 2252 803 2252 806 2252 872 2228 906 2252 909 2252 913 2252 916 2252 920 2252 989 2235 1016 2256 1016 2259 1020 2259 1023 2259 1027 2259 1251 2235 1382 2269 1385 2269 1389 2269 1485 2249 1513 2273 1516 2273 1519 2273 1523 2273 1613 2256 1730 2280 1733 2280 1737 2280 1816 2256 1861 2283 1864 2283 1868 2283 1871 2283 1978 2263 2085 2290 2088 2290 2092 2290 2326 2269 2329 2235 2326 2114 2223 2132 2143 2132 2123 2111 2123 2108 2119 2108 2116 2108 2112 2108 1957 2125 1878 2125 1843 2097 1840 2097 1837 2097 1833 2097 1716 2118 1423 2087 1420 2087 1244 2104 1120 2077 1116 2077 999 2097 761 2066 758 2066 754 2066 751 2066 727 2083 644 2063 641 2063 299 2063 299 2176"/></Shape>
            <String CONTENT="sans chaines ⁊ sans lyens elle ne faict"
                    HPOS="296"
                    VPOS="2063"
                    WIDTH="2033"
                    HEIGHT="227"
                    WC="0.9951265683540931"></String>
          </TextLine>
          <TextLine ID="eSc_line_067f9cfc"
                    TAGREFS="LT8"
                    BASELINE="289 2318 2326 2380" 
                    HPOS="286"
                    VPOS="2204"
                    WIDTH="2040"
                    HEIGHT="217">
            <Shape><Polygon POINTS="289 2318 286 2356 299 2366 303 2366 306 2366 310 2366 551 2359 623 2383 627 2383 630 2383 851 2366 916 2383 920 2383 923 2383 1371 2383 1444 2404 1447 2404 1451 2404 1454 2404 1482 2390 1530 2411 1533 2411 1537 2411 1540 2411 1544 2411 1575 2390 1644 2414 1647 2414 1650 2414 1654 2414 1740 2393 1768 2418 1771 2418 1775 2418 1778 2421 2323 2421 2326 2380 2323 2263 2081 2280 1830 2242 1826 2242 1823 2242 1819 2242 1781 2269 1681 2249 1678 2249 1675 2249 1630 2266 1492 2235 1488 2235 1485 2235 1409 2259 1378 2232 1378 2228 1375 2228 1371 2228 1368 2228 1364 2228 1333 2242 1292 2225 1289 2225 1285 2225 1065 2249 1009 2249 982 2221 982 2218 978 2218 975 2218 971 2218 854 2242 610 2204 558 2204 554 2204 551 2204 548 2204 548 2207 517 2232 382 2204 379 2204 375 2204 289 2225 289 2318"/></Shape>
            <String CONTENT="a nully mal. Si cecy ne fust ainsi"
                    HPOS="286"
                    VPOS="2204"
                    WIDTH="2040"
                    HEIGHT="217"
                    WC="0.9999456580947427"></String>
          </TextLine>
          <TextLine ID="eSc_line_1fe346e2"
                    TAGREFS="LT8"
                    BASELINE="296 2469 1264 2480 2319 2521" 
                    HPOS="292"
                    VPOS="2342"
                    WIDTH="2027"
                    HEIGHT="213">
            <Shape><Polygon POINTS="296 2469 292 2500 2312 2555 2319 2521 2319 2421 2157 2400 2154 2400 1940 2411 1909 2387 1906 2387 1902 2387 1899 2387 1799 2407 1719 2380 1716 2380 1713 2380 1578 2397 1482 2373 1478 2373 1475 2373 1375 2393 872 2356 796 2356 792 2356 789 2356 785 2356 754 2380 720 2362 716 2362 713 2362 710 2362 651 2376 592 2349 589 2349 585 2349 582 2349 485 2373 296 2342 296 2469"/></Shape>
            <String CONTENT="(pour ce qͥl ya beaucoup plus de mau"
                    HPOS="292"
                    VPOS="2342"
                    WIDTH="2027"
                    HEIGHT="213"
                    WC="0.9914708418978585"></String>
          </TextLine>
          <TextLine ID="eSc_line_6de7082a"
                    TAGREFS="LT8"
                    BASELINE="297 2600 971 2610 2312 2655" 
                    HPOS="289"
                    VPOS="2480"
                    WIDTH="2022"
                    HEIGHT="227">
            <Shape><Polygon POINTS="294 2598 289 2650 2301 2707 2311 2650 2311 2542 294 2480 294 2598"/></Shape>
            <String CONTENT="uaises personnes au mõde q̃ de bõnes,"
                    HPOS="289"
                    VPOS="2480"
                    WIDTH="2022"
                    HEIGHT="227"
                    WC="0.9966118381573603"></String>
          </TextLine>
          <TextLine ID="eSc_line_7dee64db"
                    TAGREFS="LT8"
                    BASELINE="289 2748 947 2755 2329 2796" 
                    HPOS="286"
                    VPOS="2624"
                    WIDTH="2043"
                    HEIGHT="228">
            <Shape><Polygon POINTS="289 2748 286 2776 361 2800 365 2800 368 2800 372 2800 410 2783 458 2803 461 2803 465 2803 468 2803 534 2786 610 2786 634 2807 637 2807 641 2807 644 2807 1016 2796 1109 2821 1113 2821 1116 2821 1347 2814 1413 2831 1416 2831 1420 2831 1540 2814 1619 2834 1623 2834 1626 2834 1630 2834 1633 2834 1661 2814 1819 2841 1823 2841 1826 2841 1906 2821 1943 2845 1947 2845 1950 2845 2323 2852 2329 2796 2329 2697 1688 2679 1671 2662 1671 2659 1668 2659 1664 2659 1661 2659 1657 2659 1654 2659 1633 2672 1430 2648 1426 2648 1178 2666 1071 2641 1068 2641 1065 2641 1013 2659 906 2635 903 2635 899 2635 844 2648 734 2631 730 2631 727 2631 672 2652 472 2624 468 2624 289 2641 289 2748"/></Shape>
            <String CONTENT="et q̃ les bõnes ne resistẽt point a mal)"
                    HPOS="286"
                    VPOS="2624"
                    WIDTH="2043"
                    HEIGHT="228"
                    WC="0.9995236467747461"></String>
          </TextLine>
          <TextLine ID="eSc_line_2e020e5e"
                    TAGREFS="LT8"
                    BASELINE="286 2889 2333 2945" 
                    HPOS="282"
                    VPOS="2769"
                    WIDTH="2051"
                    HEIGHT="234">
            <Shape><Polygon POINTS="286 2889 282 2927 327 2948 330 2948 334 2948 475 2934 561 2958 565 2958 568 2958 885 2945 937 2969 940 2969 944 2969 1137 2951 1254 2976 1258 2976 1261 2976 1309 2955 1368 2979 1371 2979 1375 2979 1554 2962 1582 2982 1582 2986 1585 2986 1588 2986 1592 2986 1595 2986 1668 2965 1685 2986 1688 2986 1688 2989 1692 2989 1695 2989 1699 2989 2161 2979 2326 3003 2333 2945 2333 2841 2043 2834 1995 2810 1992 2810 1988 2810 1840 2827 1806 2803 1802 2803 1799 2803 1699 2800 1695 2800 1692 2800 1606 2821 1582 2800 1578 2800 1575 2800 1571 2800 1568 2800 1492 2817 1295 2790 1292 2790 1075 2807 868 2803 785 2776 782 2776 778 2776 775 2776 703 2793 661 2772 658 2772 506 2769 503 2769 499 2769 496 2769 465 2790 286 2776 286 2889"/></Shape>
            <String CONTENT="les unz deuoreroyẽt ⁊ mettroyẽt a de¬"
                    HPOS="282"
                    VPOS="2769"
                    WIDTH="2051"
                    HEIGHT="234"
                    WC="0.9873714538720938"></String>
          </TextLine>
          <TextLine ID="eSc_line_ddcafc80"
                    TAGREFS="LT8"
                    BASELINE="296 3044 789 3044 2329 3093" 
                    HPOS="292"
                    VPOS="2914"
                    WIDTH="2037"
                    HEIGHT="230">
            <Shape><Polygon POINTS="296 3044 292 3089 603 3079 713 3079 744 3106 747 3106 751 3106 754 3106 872 3086 989 3086 1040 3113 1044 3113 1047 3113 1051 3113 1113 3093 1468 3106 1495 3127 1499 3127 1502 3127 1506 3127 1713 3113 1792 3134 1795 3134 1799 3134 1802 3134 1840 3113 1868 3137 1871 3137 1874 3137 2323 3144 2329 3093 2329 2982 1850 2982 1775 2955 1771 2955 1768 2955 1764 2955 1716 2969 1699 2955 1699 2951 1695 2951 1692 2951 1478 2945 1475 2945 1244 2962 1040 2934 1037 2934 940 2951 878 2927 875 2927 872 2927 696 2945 616 2920 613 2920 610 2920 444 2938 392 2914 389 2914 386 2914 382 2914 296 2934 296 3044"/></Shape>
            <String CONTENT="struction les autres tellemẽt q̃ nul ne"
                    HPOS="292"
                    VPOS="2914"
                    WIDTH="2037"
                    HEIGHT="230"
                    WC="0.9918316766619683"></String>
          </TextLine>
          <TextLine ID="eSc_line_2d2df512"
                    TAGREFS="LT8"
                    BASELINE="292 3189 996 3196 2323 3244" 
                    HPOS="289"
                    VPOS="3075"
                    WIDTH="2034"
                    HEIGHT="204">
            <Shape><Polygon POINTS="292 3189 289 3230 389 3217 479 3241 482 3241 485 3241 589 3224 768 3251 772 3251 775 3251 830 3230 851 3251 851 3255 854 3255 858 3255 861 3255 1075 3237 1189 3265 1192 3265 1196 3265 1306 3244 1516 3248 1533 3265 1533 3268 1537 3268 1540 3268 1544 3268 1547 3268 1575 3255 1664 3279 1668 3279 1671 3279 2319 3275 2323 3244 2323 3144 1930 3134 1878 3110 1874 3110 1871 3110 1747 3124 1647 3103 1644 3103 1537 3117 1306 3093 1123 3089 1120 3089 1116 3089 1113 3089 1085 3106 737 3075 734 3075 292 3079 292 3189"/></Shape>
            <String CONTENT="pourroit nourrir femme et enfans/ ne"
                    HPOS="289"
                    VPOS="3075"
                    WIDTH="2034"
                    HEIGHT="204"
                    WC="0.9832271022929086"></String>
          </TextLine>
          <TextLine ID="eSc_line_a1224264"
                    TAGREFS="LT8"
                    BASELINE="292 3334 1130 3348 2323 3392" 
                    HPOS="289"
                    VPOS="3206"
                    WIDTH="2034"
                    HEIGHT="245">
            <Shape><Polygon POINTS="292 3334 289 3389 558 3399 561 3399 744 3379 1040 3385 1089 3416 1092 3416 1096 3416 1099 3416 1102 3416 1192 3392 1254 3420 1258 3420 1261 3420 1364 3403 1502 3427 1506 3427 1509 3427 1513 3427 1513 3423 1533 3403 1571 3420 1575 3420 1578 3420 1864 3413 1895 3437 1895 3441 1899 3441 1902 3441 2081 3444 2085 3444 2088 3444 2092 3444 2112 3423 2205 3451 2209 3451 2212 3451 2319 3437 2323 3392 2319 3265 2102 3286 1943 3282 1871 3251 1868 3251 1864 3251 1861 3251 1857 3251 1819 3275 1650 3244 1568 3244 1564 3244 1561 3244 1557 3244 1537 3261 1506 3241 1502 3241 1499 3241 1495 3241 1492 3241 1423 3261 1316 3234 1313 3234 1309 3234 1202 3258 996 3227 992 3227 913 3244 834 3220 830 3220 827 3220 527 3237 413 3237 348 3206 344 3206 341 3206 337 3206 292 3224 292 3334"/></Shape>
            <String CONTENT="soy maintenir/ ne seruir Dieu: ⁊ ꝑ tel"
                    HPOS="289"
                    VPOS="3206"
                    WIDTH="2034"
                    HEIGHT="245"
                    WC="0.998989252667678"></String>
          </TextLine>
          <TextLine ID="eSc_line_fc651ff6"
                    TAGREFS="LT8"
                    BASELINE="292 3472 2312 3537" 
                    HPOS="289"
                    VPOS="3358"
                    WIDTH="2023"
                    HEIGHT="220">
            <Shape><Polygon POINTS="292 3472 289 3503 503 3534 506 3534 510 3534 579 3516 623 3537 627 3537 630 3537 820 3523 1140 3554 1144 3554 1351 3540 1488 3565 1492 3565 1495 3565 1568 3547 1899 3578 1902 3578 2309 3575 2312 3537 2312 3427 1919 3427 1892 3399 1892 3396 1888 3396 1885 3396 1881 3396 1716 3410 1564 3385 1561 3385 1413 3406 1361 3379 1357 3379 1354 3379 1351 3379 1254 3403 1220 3375 1216 3375 1213 3375 1209 3375 1047 3396 1013 3368 1009 3368 1006 3368 1002 3368 830 3382 720 3358 716 3358 568 3379 292 3372 292 3472"/></Shape>
            <String CONTENT="moyen seroit en fin le mõde/ uague et"
                    HPOS="289"
                    VPOS="3358"
                    WIDTH="2023"
                    HEIGHT="220"
                    WC="0.9985516337971938"></String>
          </TextLine>
          <TextLine ID="eSc_line_90c86b20"
                    TAGREFS="LT8"
                    BASELINE="289 3620 2302 3685" 
                    HPOS="286"
                    VPOS="3492"
                    WIDTH="2016"
                    HEIGHT="231">
            <Shape><Polygon POINTS="289 3620 286 3661 2295 3723 2302 3685 2302 3578 2092 3554 2088 3554 1919 3568 1888 3544 1885 3544 1881 3544 1878 3544 1874 3544 1823 3565 1668 3544 1664 3544 1588 3558 1571 3537 1568 3537 1568 3534 1564 3534 1561 3534 1557 3534 1554 3534 1482 3551 1433 3530 1430 3530 1426 3530 1423 3530 1420 3530 1392 3551 1164 3547 1140 3523 1140 3520 1137 3520 1133 3520 1130 3520 1037 3540 930 3513 927 3513 923 3513 834 3530 809 3509 806 3509 803 3509 723 3509 720 3509 716 3509 675 3527 613 3503 610 3503 606 3503 403 3520 375 3499 375 3496 372 3496 368 3496 289 3492 289 3620"/></Shape>
            <String CONTENT="sans habitãs. Pour ceste cause a dieu"
                    HPOS="286"
                    VPOS="3492"
                    WIDTH="2016"
                    HEIGHT="231"
                    WC="0.9963509628647252"></String>
          </TextLine>
          <TextLine ID="eSc_line_5e327008"
                    TAGREFS="LT8"
                    BASELINE="282 3761 2295 3837" 
                    HPOS="279"
                    VPOS="3644"
                    WIDTH="2016"
                    HEIGHT="237">
            <Shape><Polygon POINTS="282 3761 279 3792 327 3816 330 3816 334 3816 458 3799 554 3823 558 3823 561 3823 565 3823 599 3806 989 3816 1099 3847 1102 3847 1106 3847 1313 3833 1792 3871 1795 3871 1799 3871 1802 3871 1833 3850 1864 3875 1868 3875 1871 3875 1874 3875 1878 3875 1881 3875 1902 3861 2019 3881 2023 3881 2292 3871 2295 3837 2292 3713 2226 3733 2195 3709 2192 3709 2188 3709 2185 3709 2181 3709 2116 3730 2026 3702 2023 3702 2019 3702 1385 3702 1220 3675 1216 3675 1144 3689 1113 3668 1109 3668 1106 3668 1102 3668 971 3685 927 3661 923 3661 920 3661 654 3675 465 3644 461 3644 458 3644 399 3664 282 3661 282 3761"/></Shape>
            <String CONTENT="ordõne ces deux gouuernemẽs. Le spi"
                    HPOS="279"
                    VPOS="3644"
                    WIDTH="2016"
                    HEIGHT="237"
                    WC="0.969641761199848"></String>
          </TextLine>
          <TextLine ID="eSc_line_6f817f84"
                    TAGREFS="LT8"
                    BASELINE="272 3909 1926 3971 2292 3971" 
                    HPOS="272"
                    VPOS="3782"
                    WIDTH="2020"
                    HEIGHT="248">
            <Shape><Polygon POINTS="272 3909 272 3964 327 3950 427 3968 430 3968 434 3968 437 3968 461 3950 641 3954 651 3971 654 3971 654 3974 658 3974 661 3974 665 3974 668 3974 699 3961 744 3981 747 3981 751 3981 837 3964 937 3988 940 3988 944 3988 1106 3974 1133 3995 1137 3995 1140 3995 1144 3995 1147 3995 1216 3978 1323 4002 1326 4002 1420 3988 1464 4005 1468 4005 1471 4005 1750 3999 1802 4019 1806 4019 1809 4019 2047 4009 2068 4026 2071 4026 2074 4026 2285 4030 2292 3971 2292 3878 1961 3864 1902 3837 1899 3837 1895 3837 1892 3837 1806 3857 1761 3833 1757 3833 1754 3833 1750 3833 1716 3850 1506 3823 1502 3823 1499 3823 1444 3844 1316 3816 1313 3816 1061 3830 1044 3809 1040 3809 1040 3806 1037 3806 1034 3806 1030 3806 872 3816 803 3799 799 3799 796 3799 792 3799 789 3799 765 3816 582 3792 579 3792 496 3809 348 3782 344 3782 341 3782 272 3802 272 3909"/></Shape>
            <String CONTENT="rituel lequel faict Chrestiẽs et bonnes"
                    HPOS="272"
                    VPOS="3782"
                    WIDTH="2020"
                    HEIGHT="248"
                    WC="0.9924943208694458"></String>
          </TextLine>
          <TextLine ID="eSc_line_7740efc6"
                    TAGREFS="LT8"
                    BASELINE="272 4067 720 4067 2288 4126" 
                    HPOS="268"
                    VPOS="3937"
                    WIDTH="2020"
                    HEIGHT="244">
            <Shape><Polygon POINTS="272 4067 268 4112 579 4105 610 4123 613 4123 616 4123 620 4123 885 4116 1164 4147 1168 4147 1247 4129 1302 4154 1306 4154 1309 4154 1385 4140 1561 4160 1564 4160 1568 4160 1571 4160 1592 4143 1675 4164 1678 4164 1681 4164 1685 4164 1737 4147 1785 4171 1788 4171 2116 4181 2119 4181 2123 4181 2161 4164 2281 4181 2288 4126 2288 4023 2223 4002 2219 4002 2216 4002 2116 4019 2095 4002 2095 3999 2092 3999 2088 3999 2085 3999 1954 4009 1881 3988 1878 3988 1874 3988 1747 4005 1723 3985 1723 3981 1719 3981 1716 3981 1713 3981 1595 4002 1561 3974 1557 3974 1554 3974 1551 3974 1485 3988 1468 3974 1468 3971 1464 3971 1461 3971 1457 3971 1320 3992 1292 3968 1292 3964 1289 3964 1285 3964 1282 3964 1164 3978 1096 3957 1092 3957 1089 3957 934 3978 858 3954 854 3954 851 3954 847 3954 796 3974 461 3940 458 3940 454 3940 392 3961 272 3937 272 4067"/></Shape>
            <String CONTENT="personnes par le S. Esprit/ soubz le"
                    HPOS="268"
                    VPOS="3937"
                    WIDTH="2020"
                    HEIGHT="244"
                    WC="0.9867528279622396"></String>
          </TextLine>
          <TextLine ID="eSc_line_5b66428d"
                    TAGREFS="LT8"
                    BASELINE="265 4205 2295 4267" 
                    HPOS="261"
                    VPOS="4088"
                    WIDTH="2034"
                    HEIGHT="245">
            <Shape><Polygon POINTS="268 4160 265 4205 261 4253 348 4253 372 4274 372 4278 375 4278 379 4278 382 4278 386 4278 451 4253 510 4281 513 4281 517 4281 934 4267 1020 4295 1023 4295 1027 4295 1123 4278 1158 4302 1161 4302 1164 4302 1168 4302 1237 4288 1278 4305 1282 4305 1285 4305 1495 4284 1616 4315 1619 4315 1623 4315 1626 4315 1681 4291 1723 4319 1726 4319 1730 4319 1733 4319 1737 4319 1785 4298 1837 4322 1840 4322 1957 4326 1961 4326 2064 4305 2116 4329 2119 4329 2123 4333 2226 4333 2226 4329 2230 4329 2292 4305 2295 4267 2295 4171 2212 4150 2209 4150 1747 4154 1661 4129 1657 4129 1654 4129 1326 4140 1292 4112 1292 4109 1289 4109 1285 4109 1282 4109 1278 4109 1182 4136 1102 4105 1099 4105 840 4095 837 4095 834 4095 768 4112 603 4088 599 4088 286 4109 268 4160"/></Shape>
            <String CONTENT="roy Iesu Christ/ ⁊ le gouuernemẽt se¬"
                    HPOS="261"
                    VPOS="4088"
                    WIDTH="2034"
                    HEIGHT="245"
                    WC="0.9961502348121843"></String>
          </TextLine>
          <TextLine ID="eSc_line_8613344c"
                    TAGREFS="LT8"
                    BASELINE="268 4350 1716 4408 2285 4415" 
                    HPOS="265"
                    VPOS="4240"
                    WIDTH="2020"
                    HEIGHT="237">
            <Shape><Polygon POINTS="268 4350 265 4395 475 4395 489 4412 492 4412 492 4415 496 4415 499 4415 503 4415 585 4398 610 4419 613 4419 616 4419 799 4426 803 4426 806 4426 851 4408 865 4426 868 4426 868 4429 872 4429 875 4429 878 4429 882 4429 885 4429 913 4412 937 4429 940 4429 944 4429 947 4429 1058 4415 1154 4439 1158 4439 1161 4439 1164 4439 1220 4422 1240 4439 1240 4443 1244 4443 1247 4443 1251 4443 1716 4443 1812 4464 1816 4464 1906 4446 2095 4474 2099 4474 2181 4457 2278 4477 2285 4415 2285 4319 2085 4291 2081 4291 1816 4305 1444 4295 1337 4264 1333 4264 1330 4264 1175 4281 1147 4260 1147 4257 1144 4257 1140 4257 1137 4257 1002 4274 971 4250 968 4250 965 4250 268 4240 268 4350"/></Shape>
            <String CONTENT="culier leq̃l cõtrainct les mauuais Chre"
                    HPOS="265"
                    VPOS="4240"
                    WIDTH="2020"
                    HEIGHT="237"
                    WC="0.9912306353449821"></String>
          </TextLine>
          <TextLine ID="eSc_line_269e963d"
                    TAGREFS="LT8"
                    BASELINE="268 4498 1206 4539 2271 4557" 
                    HPOS="265"
                    VPOS="4381"
                    WIDTH="2006"
                    HEIGHT="269">
            <Shape><Polygon POINTS="268 4498 265 4584 641 4584 689 4625 692 4625 696 4625 699 4625 996 4619 1216 4639 1220 4639 1223 4639 1278 4615 1420 4646 1423 4646 1426 4646 1488 4619 1551 4650 1554 4650 1557 4650 1561 4650 1564 4650 1609 4619 1661 4639 1664 4639 1668 4639 1833 4612 1902 4650 1906 4650 1909 4650 1912 4650 2040 4619 2264 4636 2271 4557 2271 4460 1957 4453 1933 4429 1930 4429 1926 4429 1923 4429 1823 4446 1609 4422 1606 4422 1602 4422 1544 4439 1451 4415 1447 4415 1444 4415 1333 4433 1309 4415 1306 4415 1302 4415 1299 4415 1295 4415 1264 4429 937 4398 934 4398 613 4412 268 4381 268 4498"/></Shape>
            <String CONTENT="stiẽs ⁊ mauuaises personnes/ de tenir"
                    HPOS="265"
                    VPOS="4381"
                    WIDTH="2006"
                    HEIGHT="269"
                    WC="0.9830916884698366"></String>
          </TextLine>
        </TextBlock>
        <TextBlock HPOS="1940"
                   VPOS="4604"
                   WIDTH="335"
                   HEIGHT="184"
                   ID="eSc_textblock_06eb102e"
                   TAGREFS="BT17">
          <Shape><Polygon POINTS="1940 4604 1940 4788 2269 4788 2275 4604"/></Shape>
          <TextLine ID="eSc_line_07c23f72"
                    TAGREFS="LT8"
                    BASELINE="1971 4722 2247 4708" 
                    HPOS="1961"
                    VPOS="4598"
                    WIDTH="286"
                    HEIGHT="241">
            <Shape><Polygon POINTS="1971 4722 1974 4825 2012 4839 2016 4839 2019 4839 2247 4811 2247 4708 2233 4598 1961 4601 1971 4722"/></Shape>
            <String CONTENT="paix"
                    HPOS="1961"
                    VPOS="4598"
                    WIDTH="286"
                    HEIGHT="241"
                    WC="0.9999967217445374"></String>
          </TextLine>
        </TextBlock>
      </PrintSpace>
    </Page>
  </Layout>
</alto>
