4267 6200
2451 697 228 238 255

1113 675 910 227 Chapitre .xxx.

437 812 2034 262 foy garder destre rebelle/ ou de respon

430 981 2027 238 dre despiteusement a son Seigñr: car

427 1129 2033 245 tu es tenu de le supporter/ ⁊ de luy bail

420 1264 2034 237 ler lieu. Cõe lange enseigne a Agar la

420 1412 2030 255 seruãte de Sara/ laq̃lle sen estoit fuye

413 1567 2016 234 arriere de sa dame/ Cõe il est escript en

403 1689 2002 284 Genese ou Chap̃. .xui. Ou lange luy

413 1853 1992 241 uient au deuant/ et la reprent disant:

392 2004 2020 241 Ua: et retourne toy uers ta dame, et

382 2128 2048 279 humilie toy soubz sa main. Ainsi se

368 2283 2037 255 doibt le seruãt humilier soubz son Sei

355 2435 2061 244 gneur, ⁊ quand il le a courouce, de re¬

365 2569 2044 248 chief appayser. Ainsi faisoit S. Paul

375 2714 2006 255 accord entre Onesimus, ⁊ son Seigͬ

382 2841 2017 274 Philemõ, duq̃l il estoit fuy. Et les

365 3007 2030 251 Seigñrs, ou maistres useront de leͬs

361 3151 2031 252 seruans cõe dhommes ⁊ non pas cõe

355 3296 2019 258 dasnes. Et ilz se maintiendront auec

348 3447 2006 255 eux amiablemẽt, ⁊ doulcemẽt, et non

344 3596 2013 261 comme tyrans. Car ilz sont tes freres

337 3733 2013 255 Chrestiẽs, ⁊ mẽbres dũ mesmes corps

331 3880 1991 279 de nostre Seigñr Iesu Christ. Pour¬

323 4023 2010 268 tãt tu ne leur enchargeras nulles cho

323 4171 1982 265 ses inconueniẽtes ou irraisonnables,

317 4329 2006 259 mais ten useras comme des mẽbres

306 4460 1996 310 de ton propre corps. Diceux use tu en

1930 4701 389 200 ce quil

2430 1787 419 222 Geñ.16.

2410 2919 403 294 Ad phil.

2348 3973 398 294 Rom.12.
