4267 6342
1631 553 296 215 216

2197 556 1492 201 De deux gouuernemens.

1885 1487 319 318 P

1885 711 2100 250 plus leur propre prouffit/ que le prouf

1878 866 1712 226 fit/ et honneur de Iesu Christ.

2040 1021 1818 226 ¶ De deux manieres de gou¬

2047 1190 1768 212 uernement seculier/ ⁊ spirituel.

2455 1338 980 212 Chapitre .xxui.

2214 1479 1781 226 Remierement nous fault il dili

2194 1641 1805 215 gẽment enquerre le droit/ ⁊ gou

1867 1789 2121 215 uernemẽt seculier/ affin q̃ nul ne doub

1853 1944 2146 215 te quil ne soit de la prouidẽce/ ⁊ ordon

1846 2089 2149 222 nãce diuine. Les parolles par lesq̃lles

1842 2240 2136 215 nous scauõs q̃ le bras seculier est insti

1839 2392 2139 215 tue de Dieu/ sont celles de S. Paul

1849 2533 2111 229 aux Romains/ ou il dit. Toute ame

1839 2663 2114 254 soit subiecte aux puissãces hautaines.

1835 2822 2107 232 Car il nest puissance/ sinõ q̃ de Dieu.

1835 2977 2090 218 Mais les choses qͥ sont/ sont ordõnees

1832 3139 2082 222 de Dieu. Qui resiste dõc a la puissan

1828 3283 2090 233 ce/ il resiste a lordonnãce de dieu. Da¬

1826 3435 2071 239 uãtaige S. Pierre dit. Soyez subiectz

1807 3597 2082 208 a toute humaine creature/ soit au roy/

1811 3741 2082 226 cõe au souuerain/ soit au ducz/ cõe par

1797 3893 2089 232 luy enuoyez par la uẽgence des mal¬

1800 4041 2065 218 faicteurs/ mais pour la louenge des

1793 4192 2047 229 bons. En outre le droit du bras secu¬

1786 4333 2033 233 lier ⁊ de iustice ciuile/ a este des le com

1786 4488 2026 268 mẽcement du mõde. Car quand Cain

3484 4700 317 204 auoit

1391 2522 427 173 Rom̃.13.

1363 3421 413 197 1.Pet.2.
