4267 6154
2410 558 251 354 139

953 601 876 199 Chapitre .xui.

472 748 1917 233 Ap̃s ce ont les moines acqͥz des Pa

355 902 2041 233 pes, ⁊ Cardinaulx de leur religiõ. Et

362 1063 2021 212 ainsi ont ilz impetre, ⁊ acquiz au des¬

365 1210 2042 208 pit, ⁊ contẽpnement de lun lautre plu

369 1357 2020 205 sieurs priuileges, pardons, ⁊ auctori¬

359 1507 2020 202 te de faire cõfraries poͬ les seculiers,

352 1644 2020 205 lesquelz ilz font participans de leurs

341 1798 2031 195 bõnes oeuures, cõme silz en faisoyent

335 1948 2030 192 plus, quilz ne sont tenuz de faire, non

335 2092 2017 195 obstãt que Iesus Christ mesme dit en

338 2242 2027 199 Leuangile. Apres que aurez faict tou

335 2386 2027 185 tes les choses, lesq̃lles uous sont com

341 2529 2018 182 mandees dictes: Nous sommes serui¬

352 2673 2013 185 teurs inutiles, nous auõs faict ce que

355 2813 2010 192 debuiõs faire. Aĩsi dõc ont este mul

335 2960 2030 195 tipliez les cloistres, et les moines, et

338 3107 2017 195 tous biens entre iceux diminuez. Et

338 3254 2017 192 au tẽps iadiz estoit la uie des moines

352 3418 2000 182 une separation arriere du monde, et

338 3548 2004 195 maintenant sont ceux appellez moi¬

335 3692 2000 198 nes, qui au milieu du monde uendẽt,

328 3842 2007 195 achetent, iugent, boiuent, mangent,

324 3979 2014 209 paillardẽt, yurongnẽt, ⁊ ueulent tou

321 4130 2034 201 tesfois estre appellez moines, ou plu¬

328 4266 1983 216 stost religieux. Mais ilz font bien,

324 4430 2028 247 de mieulx aymer destre appellez reli¬

1921 4598 413 267 gieux.

2392 2239 350 195 Luc.17.
