4267 6225
1650 539 270 256 256

2114 501 1592 235 Des seruans/ ⁊ seruantes.

1868 653 2146 263 ce quil appartient, ⁊ tu les garde aussi

1896 812 2125 260 pres q̃ tu peuz, ainsi doibs tu user de

1892 968 2125 249 tes seruans, ⁊ les garder cõme tes ꝓ¬

1903 1120 2125 252 pres membres. Car nostre Seigneur

1924 1276 2104 252 Iesus Christ est nostre chief, et nous

1913 1431 2125 249 sommes tous ensemble son corps, et

1924 1590 2104 246 chascun par soy est un membre de son

1906 1732 2129 263 corps, soit homme ou femme, Seigñr

1917 1891 2128 246 ou seruant, riche, ou paoure, comme

1941 2028 2102 259 escript S. Paul aux Corinthiens.

1934 2206 2108 218 Pour ceste cause comme nul hayt ses

1934 2344 2111 232 propres membres, mais les garde au

1931 2483 2111 238 mieux qͥl peut. Ainsi donc aymerons

1931 2645 2114 235 nous lun lautre, ⁊ seruirons par cha¬

1925 2790 2098 229 rite, ⁊ secourrons lun lautre, comme

1931 2946 2093 235 lun mẽbre secourt a lautre. Et cestoit

1937 3098 2084 246 iadiz la coustume que toutes person¬

1941 3257 2073 235 nes appelloyent lun lautre freres ou

1955 3392 2059 253 seurs. Laquelle chose auoyent insti¬

1948 3555 2073 224 tue les Apostres, affin que les payens

1951 3700 2077 252 peussent congnoistre quel amour les

1955 3859 2076 232 Chrestiẽs auoyẽs lun a lautre. Main

1951 4008 2070 228 tenant treuue on plusieurs Seigñrs

1962 4153 2055 246 qui usent de leurs seruãs cõe dasnes,

1965 4309 2052 235 et point comme dhommes. Ie laisse

1972 4457 2059 312 passer comme de leurs membres, de

3737 4632 306 192 quoy

1541 2106 384 218 2.cor.12.
