4267 6200
2226 620 303 220 207

885 592 879 207 Chapitrexxu.

310 754 2044 224 ras une briefue oraison/ faisant ta be

330 916 2006 200 songue uoluntairement/ ⁊ dun coeur

315 1074 2038 176 ioyeux. Car dieu ta enioinct iceluy la¬

317 1202 2023 217 beur en paradis terrestre en Adã pour

320 1353 2033 212 une penitẽce. Soys tousiours ioyeux

317 1501 2019 207 de coeur/ ⁊ amyable auec ta fẽme/ uar

306 1653 2023 207 letz meschines/ et toute ta maisnie.

306 1794 2030 210 Mais nous dirons cy apres cõment le

292 1939 2027 213 mesnagier doibt uiure auec ses ser¬

279 2083 2044 221 uans/ ⁊ seruãtes/ ⁊cõment il sera sub¬

279 2221 2044 224 iect/ et obeissant au Seigneur tẽporel

279 2380 2061 213 en payant tailles assises/ exactions ⁊

279 2511 1434 199 autres choses semblables.

403 2635 1805 232 ¶ Comment doibuent uiure ks

403 2790 1800 222 riches gens/ selon la doctrine de

568 2929 1485 222 lEuangile. Chap̃.xxu.

568 3094 1749 197 Eluy qͥ est riche ⁊ uit de ses ren¬

563 3244 1764 222 tes doibt premieremẽt scauoir qͥl

282 3382 2023 220 ne peut user ne despendre de ses biens

286 3520 2012 234 cõe il ueult: car il nen est autre chose q̃

286 3675 2023 220 la garde ⁊ despensier. Car Dieu ne ta

282 3826 2020 217 point donne les richesses pour outra¬

279 3964 2013 221 geusemẽt despendre en boire ⁊ mãger/

275 4112 2023 228 ou en charpentages ⁊ pompeux ueste

279 4260 2023 217 mẽs pour uaine gloire/ ou aussi pour

286 4405 2012 248 haiseter. Mais tes biens appartiẽnent

279 3094 284 326 C

1992 4588 300 241 aussi

2379 1064 331 212 Geñ.3.

2384 1343 398 305 Phil.4.
