4267 6154
2413 642 260 246 141

950 629 892 205 Chapitre .xui.

382 803 2031 205 appellez moines, cestadire, solitaires,

396 967 2031 195 ⁊ uiuans seulz ⁊ aussi religieux, cest¬

386 1114 2041 188 adire, saintz, ⁊ allyez a toute uertu.

389 1264 2045 165 Mais maintenãt, on ne trouue nulle

393 1408 2037 192 part plus de mangeries, bãquetz, beu

386 1562 2044 188 ueries, noyses, ne denuies, q̃ entre les

382 1702 2045 192 moines, ⁊ religieux. Et ilz cuidẽt que

376 1846 2041 188 quãd ilz gardẽt leͬ reigle exterieure¬

359 1982 2048 209 mẽt, en habiz, ployer genoulx, baisser

348 2136 2045 205 la teste, chãter, lire, ieuner, dire messe,

359 2287 2034 195 ⁊ en autres ceremonies sẽblables qͥlz

369 2423 2034 199 sont alors sainctz ⁊ uertueux, iasoit

365 2567 2042 198 que toutes ces choses icy ne sont fors

369 2707 2031 202 que superstitiõ, ⁊ orgueil deuãt dieu.

382 2871 2094 174 Et tout cecy se faict, ⁊ est iournelle/

359 2994 2065 219 ment augmente, par ce qͥl ny a point

359 3152 2051 201 desprit ne de foy, cõme auoyẽt les soli

359 3288 2044 216 taires du temps passe, Helye, Helysee

372 3429 2031 222 ⁊ S. Iehan baptiste faisant selon leur

376 3582 2024 212 uocation. Lamour de Dieu les inci¬

372 3726 2028 226 toit iadis a faire telles choses: mais

362 3873 2034 219 maintenant font les moines tout par

362 4017 2027 225 une necessite, comme si sans telles cho

355 4167 2041 216 ses ilz ne pourroyent estre sauuez, et

359 4324 2034 223 font leurs ydoles, ⁊ leur dieu des oeu¬

352 4475 1145 243 ures de leurs mains.

2058 4636 331 225 ¶ Si
