4267 6154
2420 519 188 335 bi¬

882 533 899 198 Chapitreuiii.

345 690 2072 216 oeures quãd il a ainsi nr̃e coeur/ iasoit

338 875 2058 184 q̃ une telle charite ne scait estre oyseu¬

365 1001 2042 199 se. Ceste amour uient en nous cõe

362 1145 2045 208 iay dict. Par la foy quãd la personne

365 1306 2045 188 croit certainemẽt quelle est enfant de

362 1442 2045 202 Dieu. Ceste psonne na q̃ faire quon le

359 1600 2044 191 cõtraigne a bõnes oeures ꝑ aucũs cõ¬

348 1743 2059 181 mãdemens. Car lamour de dieu/ habi

338 1890 2082 195 tãt en elle ne scait estre oyseuse, car elle

348 2041 2069 198 souffre et faict toutes choses q̃lle con¬

341 2188 2076 184 gnoit estre aggreables a dieu/ cõe dit

359 2345 2054 181 sainct Paul. Et par ce, se fait il q̃ espe

352 2485 2065 174 rer/ fier/ ⁊ croire en dieu ameinẽt la ꝑ¬

369 2622 2058 178 sonne a bõnes oeures: ⁊ nõ point bon

362 2765 2075 188 nes oeures a esperãce, charite/ fiãce/ ou

374 2897 2036 205 Foy en Dieu. Ceste besoingne se

379 3053 2041 191 faict/ cõe sil estoit quelq̃ riche ꝑsonnai

379 3203 2048 191 ge sans ẽfans ⁊ sans hoirs ⁊ qͥl prinst

389 3353 2059 182 un paoure mẽdiant des rues: ⁊ le fist

396 3497 2028 185 son enfant/ ⁊ lheritier de ses biens. Ce

382 3651 2045 181 paoure hõme estãt ainsi faict grãd/ et

376 3788 2048 198 riche/ sil uouloit estre grãd/ comme il

376 3938 2048 192 deburoit/ il seruiroit leallem̃t son sei¬

376 4092 2051 188 gneur par grãd amour leq̃l le auroit

372 4232 2055 192 ainsi esleue/ et enrichy. Et sil scauoit

372 4386 2069 232 la uolũte de son seigñr/ il nattendroit

1870 4553 567 209 F point

2430 2897 436 221 Exẽple.
