4267 6817
1428 628 186 227 1g

2398 613 944 216 Du baptesme.

1743 791 2213 212 uoꝰ serez manifestez en gloire. Quãd

1735 954 2221 201 donc nostre Seigñr reuiẽdra au der¬

1724 1117 2236 200 nier iour du iugement/ nostre uie sera

1735 1276 2232 204 manifestee. Mais aussi longuement

1735 1439 2209 200 que uiurõs icy, nous apprẽdrons toꝰ

1731 1598 2221 197 a mourir. Car nous ne debuons repu

1739 1761 2111 181 ter ce que uiuons icy pour une uie.

1758 1908 2186 205 Cest icy la uie du monde/ ⁊ des mon

1735 2075 2209 193 daĩs/ cestadire de ceux qͥ sont estrãges

1735 2230 2209 205 de Dieu/ qͥ nõt point desperãce de lau

1739 2389 2198 193 tre uie a uenir/ ⁊ ne lattendẽt ou desi¬

1739 2541 2190 208 rẽt poĩt. Telles gẽs ioyrõt de ce mõde

1739 2707 2183 194 car le mõde auec ses uaines uoluptez

1754 2866 2156 201 ⁊ plaisances leur appartient. Et ilz

1750 3018 2160 208 sont aussi mesmes appellez le mõde/

1743 3177 2175 204 en la saincte escripture. Cõme dit Ie¬

1755 3340 2159 199 sus Christ en sainct Iehã. Uoꝰ nestes

1739 3499 2186 197 point du mõde/ mais ie uoꝰ ay esleuz

1739 3654 2179 208 du monde. Et aux 16 chapitre. Le

1739 3806 2171 208 mõde sera ioyeux/ ⁊ uoꝰ serez tristes.

1743 3976 2182 201 Maintenant nous disons tous estre

1739 4128 2160 197 mondains/ qui ne sont point moines.

1743 4298 2148 193 Nostre Seigñr faisoit distinction en¬

1739 4446 2164 197 tre le mõde ⁊ ses disciples/ deuãt que

1739 4601 2149 204 les moines uinssent au mõde. Pour¬

1739 4764 2167 246 tãt ne sont point ceux appellez le mon

3751 4919 148 235 de

1278 3243 471 279 Io.15.⁊is
