4267 6400
2592 602 202 320 35

1095 643 835 203 Chapitre .iiii.

529 817 1931 199 Secondemẽt prouffiteroit il. Car si

405 977 2059 199 chascun aloit si longuemẽt aux escol¬

405 1130 2055 182 les/ ilz entẽdroit plus facilement les

416 1276 2051 196 prescheurs. Et silz eussent mesmes leu

408 1425 2059 192 les hystoires ou Leuãgile selon la let

405 1582 2059 181 tre/ toꝰ citoyẽs pourroyẽt reciter a leͬs

398 1720 2048 192 enfans ⁊ seruãs en faisant leur beson

394 1870 2027 195 gne quelque chose de Leuãgile/ des hy

398 2019 2037 192 stoires ou du psaultier/ ou q̃lq̃ passai¬

398 2168 2030 192 ge de lescripture saincte: au lieu de ra¬

394 2325 2048 174 cõter uaines fables ⁊ legieres/ ou mal

405 2460 2037 192 cõuenables matieres/ qͥlz diẽt lũ a lau

416 2609 2019 171 tre. Cõe noꝰ uoyõs aucũesfois auiour

423 2755 2023 192 dhuy/ q̃ cõpaignõs de mestier qui ont

416 2908 2026 185 este aux escolles/ chãtẽt souuẽtesfois

416 3050 2001 185 le chãt en faisãt leur besoigne/ leq̃l ilz

416 3203 2023 192 ont aprĩs a chãter a lescolle ou a legli

423 3352 2009 189 se/ ⁊ les autres chãtẽt uilaĩes chãsõs

430 3495 2016 209 car ilz nõt aprins autre chose/ ⁊ ne sca

426 3644 2006 203 uẽt a grãd peine les articles ð la foy/

416 3793 2009 203 ⁊ ẽcore sõt ilz toꝰ dictz estre Chrestiẽs.

536 3946 1881 206 Quelle chose est la foy Chrestiẽne/

412 4103 2020 202 et que on doibt croyre pour auoir sa¬

419 4238 1607 202 lut. Chapitre .iiii.

629 4394 1813 199 Ay dict au commencement que le

629 4549 1808 245 fondement de Chresciente/ est la.

389 4412 267 324 I

1749 4704 677 304 C 2 Foy
