<?xml version="1.0" encoding="UTF-8"?>
<alto xmlns:xsi="http://www.w3.org/2001/XMLSchema-instance"
      xmlns="http://www.loc.gov/standards/alto/ns-v4#"
      xsi:schemaLocation="http://www.loc.gov/standards/alto/ns-v4# http://www.loc.gov/standards/alto/v4/alto-4-2.xsd">
  <Description>
    <MeasurementUnit>pixel</MeasurementUnit>
    <sourceImageInformation>
      <fileName>La_somme_de_lescripture_saincte_...Luther_Martin_bpt6k328613m.pdf_page_95.png</fileName>
      <fileIdentifier>pdf//La_somme_de_lescripture_saincte_...Luther_Martin_bpt6k328613m.pdf</fileIdentifier>
    </sourceImageInformation>
  </Description>
  <Tags>
    <OtherTag ID="BT7" LABEL="CustomZone" DESCRIPTION="block type CustomZone"/><OtherTag ID="BT8" LABEL="DamageZone" DESCRIPTION="block type DamageZone"/><OtherTag ID="BT9" LABEL="DigitizationArtefactZone" DESCRIPTION="block type DigitizationArtefactZone"/><OtherTag ID="BT10" LABEL="DropCapitalZone" DESCRIPTION="block type DropCapitalZone"/><OtherTag ID="BT11" LABEL="GraphicZone" DESCRIPTION="block type GraphicZone"/><OtherTag ID="BT12" LABEL="MainZone" DESCRIPTION="block type MainZone"/><OtherTag ID="BT13" LABEL="MarginTextZone" DESCRIPTION="block type MarginTextZone"/><OtherTag ID="BT14" LABEL="MusicZone" DESCRIPTION="block type MusicZone"/><OtherTag ID="BT15" LABEL="NumberingZone" DESCRIPTION="block type NumberingZone"/><OtherTag ID="BT17" LABEL="QuireMarksZone" DESCRIPTION="block type QuireMarksZone"/><OtherTag ID="BT18" LABEL="RunningTitleZone" DESCRIPTION="block type RunningTitleZone"/><OtherTag ID="BT19" LABEL="SealZone" DESCRIPTION="block type SealZone"/><OtherTag ID="BT20" LABEL="StampZone" DESCRIPTION="block type StampZone"/><OtherTag ID="BT21" LABEL="TableZone" DESCRIPTION="block type TableZone"/><OtherTag ID="BT22" LABEL="TitlePageZone" DESCRIPTION="block type TitlePageZone"/><OtherTag ID="BT3120" LABEL="text" DESCRIPTION="block type text"/>
    <OtherTag ID="LT7" LABEL="CustomLine" DESCRIPTION="line type CustomLine"/><OtherTag ID="LT8" LABEL="DefaultLine" DESCRIPTION="line type DefaultLine"/><OtherTag ID="LT9" LABEL="DropCapitalLine" DESCRIPTION="line type DropCapitalLine"/><OtherTag ID="LT10" LABEL="HeadingLine" DESCRIPTION="line type HeadingLine"/><OtherTag ID="LT11" LABEL="InterlinearLine" DESCRIPTION="line type InterlinearLine"/><OtherTag ID="LT12" LABEL="MusicLine" DESCRIPTION="line type MusicLine"/><OtherTag ID="LT958" LABEL="default" DESCRIPTION="line type default"/>
  </Tags>
  <Layout>
    <Page WIDTH="4267"
          HEIGHT="7306"
          PHYSICAL_IMG_NR="94"
          ID="eSc_dummypage_">
      <PrintSpace HPOS="0"
                  VPOS="0"
                  WIDTH="4267"
                  HEIGHT="7306">
        <TextBlock HPOS="2834"
                   VPOS="697"
                   WIDTH="313"
                   HEIGHT="259"
                   ID="eSc_textblock_d40d4bdd"
                   TAGREFS="BT15">
          <Shape><Polygon POINTS="2834 697 2834 956 3147 956 3147 697"/></Shape>
          <TextLine ID="eSc_line_01b87e06"
                    TAGREFS="LT8"
                    BASELINE="2906 876 3073 884" 
                    HPOS="2898"
                    VPOS="742"
                    WIDTH="175"
                    HEIGHT="228">
            <Shape><Polygon POINTS="2906 876 2898 957 3065 970 3073 884 3073 750 2906 742 2906 876"/></Shape>
            <String CONTENT="91"
                    HPOS="2898"
                    VPOS="742"
                    WIDTH="175"
                    HEIGHT="228"
                    ></String>
          </TextLine>
        </TextBlock>
        <TextBlock HPOS="1321"
                   VPOS="715"
                   WIDTH="940"
                   HEIGHT="229"
                   ID="eSc_textblock_716676d3"
                   TAGREFS="BT18">
          <Shape><Polygon POINTS="1321 715 1321 944 2261 944 2261 715"/></Shape>
          <TextLine ID="eSc_line_e257de86"
                    TAGREFS="LT10"
                    BASELINE="1372 869 2232 876" 
                    HPOS="1365"
                    VPOS="663"
                    WIDTH="866"
                    HEIGHT="305">
            <Shape><Polygon POINTS="1371 864 1365 955 1847 937 2090 968 2096 968 2103 968 2224 931 2231 870 2218 669 2121 706 1786 663 1779 663 1371 687 1371 864"/></Shape>
            <String CONTENT="Chapitre .x."
                    HPOS="1365"
                    VPOS="663"
                    WIDTH="866"
                    HEIGHT="305"
                    WC="0.980503499507904"></String>
          </TextLine>
        </TextBlock>
        <TextBlock HPOS="393"
                   VPOS="932"
                   WIDTH="2579"
                   HEIGHT="4623"
                   ID="eSc_textblock_52dcc33a"
                   TAGREFS="BT12">
          <Shape><Polygon POINTS="417 969 393 5555 2948 5549 2936 4261 2972 932"/></Shape>
          <TextLine ID="eSc_line_e12819f1"
                    TAGREFS="LT8"
                    BASELINE="481 1104 1603 1087 2936 1095" 
                    HPOS="469"
                    VPOS="913"
                    WIDTH="2463"
                    HEIGHT="249">
            <Shape><Polygon POINTS="475 1101 475 1162 2925 1144 2932 1089 2925 919 1481 913 1475 913 1292 943 1219 913 1213 913 1206 913 1200 913 1194 913 1194 919 1164 949 889 949 737 913 731 913 725 913 615 943 566 913 560 913 554 913 548 913 542 913 469 943 475 1101"/></Shape>
            <String CONTENT="tre frere, mais il desherite soymesme"
                    HPOS="469"
                    VPOS="913"
                    WIDTH="2463"
                    HEIGHT="249"
                    WC="0.9987343888025026"></String>
          </TextLine>
          <TextLine ID="eSc_line_db7ae2e9"
                    TAGREFS="LT8"
                    BASELINE="466 1286 1331 1266 2939 1270" 
                    HPOS="462"
                    VPOS="1116"
                    WIDTH="2477"
                    HEIGHT="219">
            <Shape><Polygon POINTS="466 1286 466 1335 633 1311 734 1335 738 1335 742 1335 986 1311 1084 1335 1088 1335 1092 1335 1254 1311 1274 1327 1274 1331 1278 1331 1282 1331 1465 1335 1469 1335 1473 1335 1477 1335 1506 1315 1753 1327 1757 1327 1762 1327 1822 1306 2163 1306 2249 1331 2253 1331 2257 1335 2634 1335 2634 1331 2638 1331 2643 1331 2679 1306 2728 1331 2732 1331 2736 1335 2898 1335 2898 1331 2902 1331 2906 1331 2939 1302 2939 1270 2935 1148 2805 1116 2801 1116 2797 1116 2513 1152 2460 1116 2456 1116 2452 1116 2448 1116 2444 1116 2371 1140 2306 1116 2301 1116 2297 1116 2293 1116 2289 1116 2232 1152 2155 1116 2151 1116 2147 1116 2143 1116 2139 1116 2139 1120 2119 1136 2021 1116 2017 1116 2013 1116 2009 1116 1965 1156 1790 1156 1692 1116 1688 1116 1684 1116 1550 1140 1425 1120 1420 1120 1416 1120 1303 1156 1067 1132 1063 1132 864 1156 803 1120 799 1120 795 1120 791 1120 787 1120 783 1120 783 1124 763 1144 462 1160 466 1286"/></Shape>
            <String CONTENT="par sa mauuaise uie. Ainsi sont tou"
                    HPOS="462"
                    VPOS="1116"
                    WIDTH="2477"
                    HEIGHT="219"
                    WC="0.9863287346703665"></String>
          </TextLine>
          <TextLine ID="eSc_line_a74a1715"
                    TAGREFS="LT8"
                    BASELINE="487 1453 2919 1440" 
                    HPOS="483"
                    VPOS="1294"
                    WIDTH="2436"
                    HEIGHT="224">
            <Shape><Polygon POINTS="487 1453 487 1505 686 1489 738 1518 742 1518 747 1518 844 1497 974 1518 978 1518 1148 1489 1217 1513 1222 1513 1226 1513 1230 1513 1295 1485 1494 1485 1571 1513 1575 1513 1579 1513 1583 1513 1701 1485 1831 1505 1835 1505 1839 1505 1879 1485 2910 1505 2919 1440 2906 1323 2549 1327 2492 1294 2488 1294 2484 1294 2480 1294 2476 1294 2391 1323 2350 1298 2346 1298 2342 1298 2338 1298 2334 1298 2330 1298 2297 1323 2257 1294 2253 1294 2249 1294 2103 1294 2098 1294 2094 1294 2029 1319 1883 1302 1879 1302 1875 1302 1802 1331 1705 1298 1701 1298 1477 1298 1473 1298 1469 1298 1408 1327 1356 1311 1351 1311 1347 1311 1343 1311 1339 1311 1339 1315 1319 1335 1043 1335 966 1302 962 1302 958 1302 954 1302 950 1302 950 1306 917 1335 738 1315 734 1315 592 1335 564 1311 560 1311 556 1311 552 1311 548 1311 483 1335 487 1453"/></Shape>
            <String CONTENT="tes personnes enfans de Dieu, ⁊ ra¬"
                    HPOS="483"
                    VPOS="1294"
                    WIDTH="2436"
                    HEIGHT="224"
                    WC="0.9998067992074149"></String>
          </TextLine>
          <TextLine ID="eSc_line_348d9f26"
                    TAGREFS="LT8"
                    BASELINE="487 1619 2910 1619" 
                    HPOS="487"
                    VPOS="1469"
                    WIDTH="2423"
                    HEIGHT="227">
            <Shape><Polygon POINTS="487 1619 487 1672 840 1692 844 1692 974 1668 1047 1692 1051 1692 1055 1692 1205 1668 1278 1692 1282 1692 1287 1692 1291 1692 1396 1668 1749 1668 1871 1692 1875 1692 1879 1692 1883 1692 1924 1668 2025 1692 2029 1692 2034 1692 2038 1692 2042 1692 2074 1668 2127 1688 2131 1688 2135 1688 2139 1688 2216 1668 2241 1688 2241 1692 2245 1692 2249 1692 2253 1696 2334 1696 2334 1692 2338 1692 2342 1692 2383 1668 2846 1692 2850 1692 2854 1692 2910 1664 2910 1619 2906 1477 2695 1501 2525 1501 2492 1473 2492 1469 2488 1469 2484 1469 2480 1469 2476 1469 2411 1501 2208 1501 2123 1469 2119 1469 1697 1469 1692 1469 1571 1497 1510 1469 1506 1469 1282 1469 1278 1469 1274 1469 1270 1469 1270 1473 1242 1497 487 1485 487 1619"/></Shape>
            <String CONTENT="chetees par Iesus Christ, mais ceux"
                    HPOS="487"
                    VPOS="1469"
                    WIDTH="2423"
                    HEIGHT="227"
                    WC="0.9897613883018493"></String>
          </TextLine>
          <TextLine ID="eSc_line_aeb5466b"
                    TAGREFS="LT8"
                    BASELINE="499 1794 2910 1802" 
                    HPOS="495"
                    VPOS="1647"
                    WIDTH="2415"
                    HEIGHT="216">
            <Shape><Polygon POINTS="499 1794 495 1834 531 1858 535 1858 539 1858 544 1863 1128 1863 1128 1858 1132 1858 1181 1834 1400 1858 1404 1858 1408 1858 1412 1858 1412 1854 1437 1834 1684 1834 1863 1863 1867 1863 1969 1842 2387 1863 2391 1863 2395 1863 2464 1838 2529 1863 2533 1863 2537 1863 2541 1863 2622 1838 2862 1863 2866 1863 2870 1863 2874 1863 2906 1834 2910 1802 2906 1684 2350 1651 2346 1651 2342 1651 2249 1680 1928 1651 1924 1651 1920 1651 1806 1680 1664 1647 1660 1647 1656 1647 1591 1676 1522 1647 1518 1647 1514 1647 1331 1651 1327 1651 1323 1651 1282 1676 1132 1647 1128 1647 1124 1647 1043 1668 990 1651 986 1651 982 1651 978 1651 974 1651 945 1676 730 1651 726 1651 499 1672 499 1794"/></Shape>
            <String CONTENT="qui pechent ⁊ font mal cõtre Dieu, ⁊"
                    HPOS="495"
                    VPOS="1647"
                    WIDTH="2415"
                    HEIGHT="216"
                    WC="0.9961597130105302"></String>
          </TextLine>
          <TextLine ID="eSc_line_f5abeec5"
                    TAGREFS="LT8"
                    BASELINE="487 1976 2915 1976" 
                    HPOS="487"
                    VPOS="1822"
                    WIDTH="2428"
                    HEIGHT="219">
            <Shape><Polygon POINTS="487 1976 487 2037 665 2013 820 2037 824 2041 1096 2041 1096 2037 1100 2037 1104 2037 1104 2033 1128 2013 1242 2013 1266 2033 1266 2037 1270 2037 1274 2037 1278 2037 1408 2013 1725 2013 1806 2037 1810 2037 1814 2037 1818 2037 1908 2013 2139 2037 2143 2037 2915 2013 2915 1976 2910 1838 2695 1846 2643 1826 2638 1826 2634 1826 2630 1826 2590 1846 2440 1822 2435 1822 2431 1822 2334 1846 2074 1822 2070 1822 2066 1822 2062 1822 2021 1846 1904 1826 1900 1826 1640 1846 1603 1822 1599 1822 1595 1822 1591 1822 1587 1822 1530 1850 1291 1850 1209 1822 1205 1822 1201 1822 1197 1822 1193 1822 1193 1826 1169 1846 1092 1822 1088 1822 811 1822 807 1822 803 1822 799 1822 799 1826 779 1846 487 1846 487 1976"/></Shape>
            <String CONTENT="ne obeissent point aux cõmandemẽs"
                    HPOS="487"
                    VPOS="1822"
                    WIDTH="2428"
                    HEIGHT="219"
                    WC="0.9859527826309205"></String>
          </TextLine>
          <TextLine ID="eSc_line_2507777b"
                    TAGREFS="LT8"
                    BASELINE="491 2139 2906 2151" 
                    HPOS="487"
                    VPOS="1996"
                    WIDTH="2419"
                    HEIGHT="228">
            <Shape><Polygon POINTS="491 2139 487 2175 592 2212 596 2212 600 2212 604 2212 649 2191 779 2212 783 2212 787 2212 881 2183 917 2208 921 2208 925 2208 929 2208 933 2208 937 2208 966 2183 1177 2183 1205 2208 1205 2212 1209 2212 1213 2212 1351 2216 1356 2216 1360 2216 1425 2187 1583 2187 1656 2216 1660 2216 1664 2216 2062 2191 2301 2220 2306 2220 2310 2220 2314 2220 2354 2191 2480 2220 2484 2220 2488 2220 2541 2191 2557 2208 2557 2212 2561 2212 2565 2212 2569 2212 2574 2212 2618 2195 2651 2220 2655 2220 2659 2220 2663 2224 2833 2224 2833 2220 2837 2220 2902 2195 2906 2151 2898 2021 2261 2029 2224 2005 2220 2005 2216 2005 2212 2005 2103 2029 2021 2005 2017 2005 2013 2005 1843 2021 1697 2001 1692 2001 1575 2025 1518 2001 1514 2001 1510 2001 1506 2001 1502 2001 1465 2025 1380 2001 1376 2001 1372 2001 1368 2001 1295 2025 1157 2025 1116 1996 1112 1996 1108 1996 1104 1996 966 2025 840 2025 816 2001 816 1996 811 1996 807 1996 803 1996 799 1996 747 2021 698 1996 694 1996 690 1996 686 1996 617 2021 491 2017 491 2139"/></Shape>
            <String CONTENT="de dieu, iceux se desheritent eux mes¬"
                    HPOS="487"
                    VPOS="1996"
                    WIDTH="2419"
                    HEIGHT="228"
                    WC="0.9990116326432479"></String>
          </TextLine>
          <TextLine ID="eSc_line_b55fbc11"
                    TAGREFS="LT8"
                    BASELINE="466 2313 2915 2329" 
                    HPOS="462"
                    VPOS="2167"
                    WIDTH="2453"
                    HEIGHT="223">
            <Shape><Polygon POINTS="466 2313 462 2370 669 2358 694 2378 698 2378 702 2378 706 2382 937 2382 937 2378 1043 2358 1096 2378 1100 2378 1104 2378 1376 2362 1518 2382 1522 2382 1668 2362 2906 2390 2915 2329 2915 2203 2894 2183 2894 2179 2890 2179 2886 2179 2882 2179 2878 2179 2821 2208 2549 2208 2521 2183 2517 2183 2513 2183 2509 2183 2399 2203 2371 2179 2366 2179 2362 2179 2358 2179 2224 2199 2168 2175 2163 2175 2159 2175 1725 2199 1640 2171 1636 2171 1632 2171 1628 2171 1567 2195 1425 2171 1420 2171 1416 2171 1364 2195 1165 2175 1161 2175 1157 2175 1079 2195 986 2167 982 2167 978 2167 466 2191 466 2313"/></Shape>
            <String CONTENT="mes, ⁊ sont mesmes cause de leͬ dam¬"
                    HPOS="462"
                    VPOS="2167"
                    WIDTH="2453"
                    HEIGHT="223"
                    WC="0.999778593579928"></String>
          </TextLine>
          <TextLine ID="eSc_line_7ba843e6"
                    TAGREFS="LT8"
                    BASELINE="458 2488 2927 2500" 
                    HPOS="454"
                    VPOS="2341"
                    WIDTH="2473"
                    HEIGHT="228">
            <Shape><Polygon POINTS="458 2488 454 2553 613 2536 759 2536 811 2561 816 2561 820 2561 990 2536 1425 2536 1518 2565 1522 2565 1526 2569 1757 2569 1757 2565 1762 2565 1766 2565 1798 2540 2103 2569 2107 2569 2923 2553 2927 2500 2919 2358 2513 2374 2488 2354 2488 2350 2484 2350 2480 2350 2476 2350 2472 2350 2427 2370 2289 2354 2285 2354 2176 2374 2107 2346 2103 2346 2098 2346 2094 2346 2025 2370 1932 2346 1928 2346 1924 2346 1920 2346 1839 2370 1729 2346 1725 2346 1721 2346 1717 2346 1688 2374 1481 2374 1368 2346 1364 2346 1360 2346 1282 2370 1051 2341 1047 2341 755 2366 665 2341 661 2341 657 2341 653 2341 649 2341 649 2346 625 2366 458 2366 458 2488"/></Shape>
            <String CONTENT="nation. Dieu les eust uoluntiers sau"
                    HPOS="454"
                    VPOS="2341"
                    WIDTH="2473"
                    HEIGHT="228"
                    WC="0.993005194597774"></String>
          </TextLine>
          <TextLine ID="eSc_line_fb967d2e"
                    TAGREFS="LT8"
                    BASELINE="458 2662 2915 2682" 
                    HPOS="454"
                    VPOS="2532"
                    WIDTH="2461"
                    HEIGHT="207">
            <Shape><Polygon POINTS="458 2662 454 2715 2906 2739 2915 2682 2906 2548 2663 2565 2472 2544 2468 2544 2464 2544 2423 2565 2350 2540 2346 2540 2342 2540 2196 2561 2029 2540 2025 2540 2021 2540 1936 2561 1839 2536 1835 2536 1831 2536 1725 2557 1599 2536 1595 2536 1380 2553 1347 2532 1343 2532 1339 2532 1335 2532 458 2540 458 2662"/></Shape>
            <String CONTENT="uez: car il leͬ auoit promis auec les au"
                    HPOS="454"
                    VPOS="2532"
                    WIDTH="2461"
                    HEIGHT="207"
                    WC="0.990794937312603"></String>
          </TextLine>
          <TextLine ID="eSc_line_d3d4f57f"
                    TAGREFS="LT8"
                    BASELINE="458 2841 2915 2857" 
                    HPOS="454"
                    VPOS="2695"
                    WIDTH="2461"
                    HEIGHT="231">
            <Shape><Polygon POINTS="458 2841 454 2885 535 2910 539 2910 544 2910 791 2893 824 2914 828 2914 832 2914 836 2914 840 2914 844 2914 889 2889 1067 2889 1169 2918 1173 2918 1177 2918 1327 2893 1368 2914 1372 2914 1376 2914 1563 2893 1729 2922 1733 2926 2013 2926 2013 2922 2017 2922 2021 2922 2021 2918 2042 2902 2143 2922 2147 2926 2338 2926 2338 2922 2342 2922 2346 2922 2371 2902 2423 2926 2427 2926 2431 2926 2910 2910 2915 2857 2910 2739 2732 2711 2728 2711 2724 2711 2634 2735 2553 2711 2549 2711 2545 2711 2541 2711 2537 2711 2500 2739 2306 2739 1043 2699 1039 2699 1035 2699 982 2723 759 2699 755 2699 592 2723 458 2695 458 2841"/></Shape>
            <String CONTENT="tres lheritage de son royaume, ⁊ les"
                    HPOS="454"
                    VPOS="2695"
                    WIDTH="2461"
                    HEIGHT="231"
                    WC="0.9974538998471366"></String>
          </TextLine>
          <TextLine ID="eSc_line_4af000c5"
                    TAGREFS="LT8"
                    BASELINE="470 3003 2906 3036" 
                    HPOS="466"
                    VPOS="2865"
                    WIDTH="2440"
                    HEIGHT="235">
            <Shape><Polygon POINTS="470 3003 466 3044 539 3072 544 3072 548 3072 742 3048 783 3076 787 3076 791 3076 795 3076 982 3052 1148 3080 1153 3080 1307 3064 1433 3084 1437 3084 1441 3084 1489 3064 1563 3084 1567 3084 1571 3084 1575 3084 1652 3060 1855 3088 1859 3088 1989 3064 2090 3088 2094 3088 2098 3088 2265 3068 2358 3096 2362 3096 2366 3096 2371 3096 2440 3072 2557 3096 2561 3096 2565 3096 2569 3096 2606 3072 2898 3100 2906 3036 2902 2893 2509 2889 2504 2889 2500 2889 2411 2914 2387 2889 2383 2889 2379 2889 2375 2889 1997 2910 1636 2877 1632 2877 1514 2902 1234 2877 1230 2877 1084 2898 1039 2869 1035 2869 1031 2869 1027 2869 1023 2869 1019 2869 986 2893 897 2869 893 2869 889 2869 885 2869 836 2893 779 2865 775 2865 771 2865 470 2885 470 3003"/></Shape>
            <String CONTENT="auoit faict ses enfans, mais ilz se dã¬"
                    HPOS="466"
                    VPOS="2865"
                    WIDTH="2440"
                    HEIGHT="235"
                    WC="0.9878614038228989"></String>
          </TextLine>
          <TextLine ID="eSc_line_9b6c148c"
                    TAGREFS="LT8"
                    BASELINE="470 3182 2921 3195" 
                    HPOS="463"
                    VPOS="3056"
                    WIDTH="2456"
                    HEIGHT="213">
            <Shape><Polygon POINTS="469 3178 463 3226 688 3263 694 3263 1456 3238 2907 3269 2919 3190 2919 3068 469 3056 469 3178"/></Shape>
            <String CONTENT="nent eux mesmes. Ilz sont enfans de"
                    HPOS="463"
                    VPOS="3056"
                    WIDTH="2456"
                    HEIGHT="213"
                    WC="0.991660806110927"></String>
          </TextLine>
          <TextLine ID="eSc_line_2d143a96"
                    TAGREFS="LT8"
                    BASELINE="475 3352 2898 3372" 
                    HPOS="470"
                    VPOS="3210"
                    WIDTH="2428"
                    HEIGHT="231">
            <Shape><Polygon POINTS="475 3352 470 3401 507 3421 511 3421 515 3421 519 3421 787 3401 864 3425 868 3425 872 3425 876 3425 881 3425 881 3421 905 3401 1063 3429 1067 3429 1205 3405 1441 3433 1445 3437 1660 3437 1660 3433 1664 3433 1668 3433 1697 3413 1928 3437 1932 3437 1936 3437 2034 3413 2131 3437 2135 3437 2139 3441 2301 3441 2301 3437 2306 3437 2310 3437 2330 3417 2407 3441 2411 3441 2415 3441 2419 3441 2492 3417 2643 3417 2687 3441 2691 3441 2695 3441 2699 3441 2894 3421 2898 3372 2894 3259 2594 3230 2590 3230 2427 3259 2358 3226 2354 3226 2350 3226 2241 3247 2103 3226 2098 3226 2094 3226 2038 3255 1554 3255 1360 3218 1356 3218 1351 3218 1295 3247 1153 3218 1148 3218 1144 3218 1140 3218 1100 3247 1051 3222 1047 3222 1043 3222 1039 3222 958 3247 848 3214 844 3214 840 3214 836 3214 763 3243 710 3218 706 3218 702 3218 698 3218 657 3238 475 3210 475 3352"/></Shape>
            <String CONTENT="dieu quand a dieu, mais ilz sont tou¬"
                    HPOS="470"
                    VPOS="3210"
                    WIDTH="2428"
                    HEIGHT="231"
                    WC="0.9900223483910432"></String>
          </TextLine>
          <TextLine ID="eSc_line_840d6c35"
                    TAGREFS="LT8"
                    BASELINE="466 3531 2894 3559" 
                    HPOS="462"
                    VPOS="3381"
                    WIDTH="2432"
                    HEIGHT="239">
            <Shape><Polygon POINTS="466 3531 462 3588 807 3575 868 3600 872 3600 1165 3608 1169 3612 1400 3612 1400 3608 1404 3608 1469 3583 1571 3608 1575 3608 1579 3608 1839 3588 1936 3612 1940 3612 1944 3612 1948 3612 2005 3592 2119 3616 2123 3616 2281 3596 2338 3620 2342 3620 2346 3620 2350 3620 2411 3596 2464 3620 2468 3620 2472 3620 2890 3608 2894 3559 2894 3441 2545 3401 2541 3401 2285 3425 2228 3401 2224 3401 2220 3401 2082 3429 2046 3405 2042 3405 2038 3405 2034 3405 1932 3409 1928 3409 1859 3429 1786 3393 1782 3393 1778 3393 1774 3393 1664 3425 1274 3425 1039 3385 1035 3385 852 3413 783 3381 779 3381 775 3381 466 3393 466 3531"/></Shape>
            <String CONTENT="tesfois damnez par leur desobeissãce."
                    HPOS="462"
                    VPOS="3381"
                    WIDTH="2432"
                    HEIGHT="239"
                    WC="0.9865035838202426"></String>
          </TextLine>
          <TextLine ID="eSc_line_915b7c91"
                    TAGREFS="LT8"
                    BASELINE="625 3713 2915 3738" 
                    HPOS="621"
                    VPOS="3563"
                    WIDTH="2294"
                    HEIGHT="240">
            <Shape><Polygon POINTS="625 3713 621 3746 990 3750 1132 3786 1136 3786 1282 3758 1384 3791 1388 3791 1392 3791 1396 3791 1469 3770 1534 3791 1538 3791 1542 3791 1546 3791 1550 3791 1583 3762 1660 3791 1664 3791 1668 3791 2021 3766 2082 3791 2086 3791 2090 3791 2208 3770 2354 3799 2358 3799 2362 3799 2431 3782 2756 3803 2760 3803 2764 3803 2813 3778 2906 3799 2915 3738 2910 3588 2744 3583 2740 3583 2736 3583 2732 3583 2695 3608 2667 3583 2663 3583 2659 3583 2553 3583 2549 3583 2435 3608 2399 3579 2395 3579 2391 3579 2387 3579 2155 3608 2082 3579 2078 3579 2074 3579 2070 3579 2066 3579 2029 3604 1822 3583 1818 3583 1814 3583 1770 3604 1717 3579 1713 3579 1709 3579 1510 3600 1416 3571 1412 3571 1408 3571 1404 3571 1400 3571 1368 3596 1238 3575 1234 3575 1023 3596 1010 3579 1006 3579 1006 3575 1002 3575 998 3575 698 3563 694 3563 690 3563 625 3588 625 3713"/></Shape>
            <String CONTENT="Dieu appelle encore aucunesfoys"
                    HPOS="621"
                    VPOS="3563"
                    WIDTH="2294"
                    HEIGHT="240"
                    WC="0.9996470251391011"></String>
          </TextLine>
          <TextLine ID="eSc_line_c78879ae"
                    TAGREFS="LT8"
                    BASELINE="466 3880 2906 3912" 
                    HPOS="462"
                    VPOS="3738"
                    WIDTH="2444"
                    HEIGHT="243">
            <Shape><Polygon POINTS="466 3880 462 3945 669 3929 901 3957 905 3957 909 3957 954 3933 974 3953 974 3957 978 3957 982 3957 986 3957 1148 3937 1226 3961 1230 3961 1234 3961 1351 3937 1384 3961 1384 3965 1388 3965 1392 3965 1396 3965 1567 3941 1595 3965 1599 3965 1603 3965 1607 3965 1737 3945 1794 3969 1798 3969 1802 3969 1806 3969 1810 3969 1839 3945 1920 3969 1924 3969 1928 3969 1932 3969 1936 3969 1965 3945 2021 3973 2025 3973 2029 3977 2180 3977 2180 3973 2184 3973 2261 3949 2411 3977 2415 3977 2529 3953 2598 3981 2602 3981 2606 3981 2610 3981 2614 3981 2614 3977 2638 3957 2785 3981 2789 3981 2902 3953 2906 3912 2902 3770 2622 3795 2496 3774 2492 3774 2371 3791 2297 3758 2293 3758 2289 3758 2180 3778 2155 3758 2151 3758 2147 3758 2143 3758 2029 3774 1952 3754 1948 3754 1944 3754 1705 3782 1079 3778 937 3746 933 3746 929 3746 856 3770 775 3738 771 3738 767 3738 466 3750 466 3880"/></Shape>
            <String CONTENT="telles gens ses amys, non point quilz"
                    HPOS="462"
                    VPOS="3738"
                    WIDTH="2444"
                    HEIGHT="243"
                    WC="0.996936434024089"></String>
          </TextLine>
          <TextLine ID="eSc_line_e2848e3f"
                    TAGREFS="LT8"
                    BASELINE="466 4050 2923 4083" 
                    HPOS="462"
                    VPOS="3916"
                    WIDTH="2461"
                    HEIGHT="240">
            <Shape><Polygon POINTS="466 4050 462 4095 771 4131 775 4131 779 4131 852 4107 905 4131 909 4131 913 4131 917 4131 958 4111 994 4131 998 4131 1002 4131 1006 4131 1071 4111 1307 4131 1311 4131 1315 4131 1356 4111 1408 4140 1412 4140 1416 4144 1595 4144 1595 4140 1599 4140 1603 4140 1644 4115 1778 4144 1782 4144 1786 4144 1790 4144 1822 4119 1969 4140 1973 4140 1977 4140 2046 4123 2074 4148 2078 4148 2082 4148 2086 4148 2090 4148 2188 4123 2322 4152 2326 4152 2578 4127 2630 4156 2634 4156 2638 4156 2919 4136 2923 4083 2923 3965 2890 3945 2886 3945 2882 3945 2878 3945 2874 3945 2809 3965 2643 3945 2638 3945 2634 3945 2630 3945 2606 3965 2504 3941 2500 3941 2496 3941 2387 3965 2314 3937 2310 3937 2306 3937 2301 3937 2241 3965 2054 3965 2009 3937 2005 3937 2001 3937 1997 3937 1993 3937 1989 3937 1989 3941 1969 3957 1559 3933 1554 3933 1433 3953 1400 3929 1400 3924 1396 3924 1392 3924 1388 3924 1384 3924 1380 3924 1351 3949 1299 3924 1295 3924 1291 3924 1287 3924 1282 3924 1254 3949 1043 3949 1019 3924 1019 3920 1014 3920 1010 3920 1006 3920 844 3941 495 3916 491 3916 487 3916 483 3916 466 3929 466 4050"/></Shape>
            <String CONTENT="le soyent, mais pourtaut quilz leussẽt"
                    HPOS="462"
                    VPOS="3916"
                    WIDTH="2461"
                    HEIGHT="240"
                    WC="0.9912840647575183"></String>
          </TextLine>
          <TextLine ID="eSc_line_e11021eb"
                    TAGREFS="LT8"
                    BASELINE="483 4225 2460 4265 2797 4278 2875 4288" 
                    HPOS="475"
                    VPOS="4067"
                    WIDTH="2396"
                    HEIGHT="261">
            <Shape><Polygon POINTS="481 4219 475 4298 2858 4328 2871 4286 2871 4140 2572 4103 2566 4103 2334 4133 2237 4097 2231 4097 2224 4097 2218 4097 2109 4127 2066 4091 2060 4091 2054 4091 2048 4091 1901 4121 1755 4091 1749 4091 1438 4109 1408 4085 1408 4079 1402 4079 1395 4079 1389 4079 1243 4103 1176 4073 1170 4073 1164 4073 963 4103 889 4067 883 4067 877 4067 481 4091 481 4219"/></Shape>
            <String CONTENT="peu estre. Cõe il disoit a Iudas. Mon"
                    HPOS="475"
                    VPOS="4067"
                    WIDTH="2396"
                    HEIGHT="261"
                    WC="0.996405839920044"></String>
          </TextLine>
          <TextLine ID="eSc_line_c4743019"
                    TAGREFS="LT8"
                    BASELINE="479 4395 2894 4448" 
                    HPOS="475"
                    VPOS="4265"
                    WIDTH="2419"
                    HEIGHT="236">
            <Shape><Polygon POINTS="479 4395 475 4440 848 4476 852 4476 974 4456 1250 4485 2886 4501 2894 4448 2894 4338 2707 4306 2703 4306 2452 4326 2293 4298 2289 4298 2050 4318 1944 4290 1940 4290 1936 4290 1607 4310 1092 4302 1043 4269 1039 4269 1035 4269 1031 4269 860 4294 661 4265 657 4265 479 4282 479 4395"/></Shape>
            <String CONTENT="amy, pourquoy es tu uenu icy? Et a"
                    HPOS="475"
                    VPOS="4265"
                    WIDTH="2419"
                    HEIGHT="236"
                    WC="0.9863303321249345"></String>
          </TextLine>
          <TextLine ID="eSc_line_b104b65a"
                    TAGREFS="LT8"
                    BASELINE="475 4574 2874 4623" 
                    HPOS="470"
                    VPOS="4440"
                    WIDTH="2404"
                    HEIGHT="256">
            <Shape><Polygon POINTS="475 4574 470 4619 726 4655 730 4655 856 4631 872 4651 876 4651 876 4655 881 4655 885 4655 1075 4663 1315 4667 1319 4667 1323 4667 1380 4643 1672 4675 1676 4675 1680 4675 1774 4651 1867 4679 1871 4679 1875 4679 1879 4679 1936 4655 2135 4683 2139 4683 2468 4663 2618 4692 2622 4692 2748 4671 2809 4696 2813 4696 2817 4696 2821 4696 2870 4671 2874 4623 2874 4501 1485 4489 1343 4456 1339 4456 1140 4476 1075 4448 1071 4448 1067 4448 1063 4448 986 4472 921 4448 917 4448 913 4448 742 4468 678 4440 673 4440 669 4440 475 4460 475 4574"/></Shape>
            <String CONTENT="celuy qͥ estoit uenu aux nopces. Mon"
                    HPOS="470"
                    VPOS="4440"
                    WIDTH="2404"
                    HEIGHT="256"
                    WC="0.9813290221823586"></String>
          </TextLine>
          <TextLine ID="eSc_line_d5b4da30"
                    TAGREFS="LT8"
                    BASELINE="458 4744 2906 4793" 
                    HPOS="454"
                    VPOS="4614"
                    WIDTH="2452"
                    HEIGHT="236">
            <Shape><Polygon POINTS="458 4744 454 4805 2898 4850 2906 4793 2902 4688 2500 4651 2496 4651 2366 4667 2196 4647 2192 4647 2188 4647 2119 4671 1969 4643 1965 4643 1960 4643 1895 4667 1591 4663 1485 4631 1481 4631 1477 4631 1473 4631 1380 4655 868 4619 864 4619 860 4619 759 4643 633 4614 629 4614 458 4635 458 4744"/></Shape>
            <String CONTENT="amy cõment es tu cy entre, sans ueste"
                    HPOS="454"
                    VPOS="4614"
                    WIDTH="2452"
                    HEIGHT="236"
                    WC="0.9998308482923006"></String>
          </TextLine>
          <TextLine ID="eSc_line_05d01695"
                    TAGREFS="LT8"
                    BASELINE="446 4923 2890 4976" 
                    HPOS="442"
                    VPOS="4785"
                    WIDTH="2448"
                    HEIGHT="260">
            <Shape><Polygon POINTS="446 4923 442 4976 1197 5012 1201 5012 1494 5000 1571 5020 1575 5020 1579 5020 1713 5000 2131 5004 2220 5033 2224 5033 2228 5033 2326 5012 2525 5041 2529 5041 2643 5020 2882 5045 2890 4976 2886 4838 2651 4850 2533 4826 2529 4826 2362 4846 2257 4817 2253 4817 2249 4817 2245 4817 2172 4842 2131 4817 2127 4817 2123 4817 2119 4817 1948 4838 1843 4809 1839 4809 1835 4809 1579 4830 1291 4797 1287 4797 1282 4797 1197 4821 945 4789 941 4789 824 4813 791 4785 787 4785 783 4785 779 4785 775 4785 771 4785 738 4809 446 4809 446 4923"/></Shape>
            <String CONTENT="ment nuptial. Regarde/ il est appelle"
                    HPOS="442"
                    VPOS="4785"
                    WIDTH="2448"
                    HEIGHT="260"
                    WC="0.9883772231437065"></String>
          </TextLine>
          <TextLine ID="eSc_line_c8932349"
                    TAGREFS="LT8"
                    BASELINE="446 5102 2906 5146" 
                    HPOS="442"
                    VPOS="4972"
                    WIDTH="2464"
                    HEIGHT="247">
            <Shape><Polygon POINTS="446 5102 442 5158 608 5158 665 5183 669 5183 673 5183 1035 5166 1372 5195 1376 5195 1473 5175 1559 5199 1563 5199 1567 5199 1969 5183 1989 5199 1989 5203 1993 5203 1997 5203 2232 5211 2237 5211 2241 5211 2326 5191 2675 5191 2728 5219 2732 5219 2736 5219 2740 5219 2744 5219 2744 5215 2764 5199 2898 5203 2906 5146 2902 5020 2578 5037 2354 5000 2350 5000 2346 5000 2269 5033 2237 5000 2237 4996 2232 4996 2228 4996 2103 4996 2098 4996 2094 4996 2038 5024 2005 4996 2005 4992 2001 4992 1997 4992 1993 4992 1989 4992 1895 5016 1871 4996 1871 4992 1867 4992 1863 4992 1717 4988 1713 4988 1709 4988 1705 4988 1664 5024 1571 5024 1465 5020 1429 4988 1429 4984 1425 4984 1420 4984 1416 4984 1412 4984 1347 5016 1205 5016 1128 4976 1124 4976 1120 4976 1116 4976 998 5008 446 4972 446 5102"/></Shape>
            <String CONTENT="amy, ⁊ neãtmoins il le laisse ietter es"
                    HPOS="442"
                    VPOS="4972"
                    WIDTH="2464"
                    HEIGHT="247"
                    WC="0.991566589474678"></String>
          </TextLine>
          <TextLine ID="eSc_line_6e7242fa"
                    TAGREFS="LT8"
                    BASELINE="442 5272 1173 5304 2910 5325" 
                    HPOS="438"
                    VPOS="5138"
                    WIDTH="2472"
                    HEIGHT="260">
            <Shape><Polygon POINTS="438 5333 560 5333 625 5361 629 5361 633 5361 787 5337 913 5365 917 5365 921 5365 966 5345 998 5369 1002 5369 1006 5369 1010 5369 1148 5349 1189 5373 1193 5373 1197 5373 1201 5373 1364 5353 1441 5378 1445 5378 1449 5378 1453 5378 1506 5349 1554 5378 1559 5378 1563 5378 1567 5378 1644 5353 1680 5382 1684 5382 1688 5382 1692 5382 2103 5357 2172 5390 2176 5390 2180 5390 2387 5369 2411 5390 2411 5394 2415 5394 2419 5394 2423 5394 2610 5365 2707 5398 2712 5398 2716 5398 2906 5365 2910 5325 2910 5203 2431 5171 2427 5171 2423 5171 2383 5191 2326 5171 2322 5171 2318 5171 1965 5187 1895 5162 1891 5162 1887 5162 1457 5179 1209 5150 1205 5150 828 5166 722 5142 718 5142 714 5142 535 5162 446 5138 442 5272 438 5333"/></Shape>
            <String CONTENT="tenebres. Il estoit amy de dieu sil eust"
                    HPOS="438"
                    VPOS="5138"
                    WIDTH="2472"
                    HEIGHT="260"
                    WC="0.9763877272605896"></String>
          </TextLine>
          <TextLine ID="eSc_line_2c64d37a"
                    TAGREFS="LT8"
                    BASELINE="442 5463 2890 5499" 
                    HPOS="438"
                    VPOS="5325"
                    WIDTH="2452"
                    HEIGHT="300">
            <Shape><Polygon POINTS="442 5463 438 5532 523 5536 592 5593 596 5593 600 5593 604 5593 608 5593 613 5593 657 5564 779 5572 783 5572 787 5572 848 5548 978 5609 982 5609 986 5613 1157 5613 1157 5609 1161 5609 1209 5585 1246 5613 1250 5613 1254 5613 1258 5617 1416 5617 1416 5613 1420 5613 1425 5613 1473 5576 1550 5576 1595 5613 1595 5617 1599 5617 1603 5617 1607 5621 1774 5621 1774 5617 1778 5617 1782 5617 1782 5613 1818 5580 1960 5560 1989 5585 1993 5585 1997 5585 2001 5585 2090 5568 2188 5589 2224 5621 2224 5625 2228 5625 2232 5625 2237 5625 2241 5625 2379 5589 2476 5617 2480 5617 2484 5617 2488 5617 2582 5568 2882 5568 2890 5499 2886 5361 2679 5382 2533 5353 2529 5353 2525 5353 2452 5378 2362 5349 2358 5349 2354 5349 2350 5349 2346 5349 2322 5369 2232 5353 2228 5353 2082 5373 2042 5341 2038 5341 2034 5341 2029 5341 1900 5369 1871 5345 1871 5341 1867 5341 1863 5341 1859 5341 1701 5365 1652 5341 1648 5341 1644 5341 1526 5365 1209 5361 1181 5333 1181 5329 1177 5329 1173 5329 1169 5329 994 5357 901 5325 897 5325 442 5325 442 5463"/></Shape>
            <String CONTENT="uoulu consentir a la uolunte de dieu."
                    HPOS="438"
                    VPOS="5325"
                    WIDTH="2452"
                    HEIGHT="300"
                    WC="0.9998615819054681"></String>
          </TextLine>
        </TextBlock>
        <TextBlock HPOS="2550"
                   VPOS="5537"
                   WIDTH="356"
                   HEIGHT="205"
                   ID="eSc_textblock_fed42734"
                   TAGREFS="BT17">
          <Shape><Polygon POINTS="2550 5537 2550 5742 2906 5742 2906 5537"/></Shape>
          <TextLine ID="eSc_line_1c635cb3"
                    TAGREFS="LT8"
                    BASELINE="2610 5690 2870 5678" 
                    HPOS="2598"
                    VPOS="5520"
                    WIDTH="272"
                    HEIGHT="255">
            <Shape><Polygon POINTS="2610 5690 2610 5751 2659 5775 2663 5775 2667 5775 2671 5775 2675 5775 2675 5771 2699 5751 2870 5763 2870 5678 2858 5540 2683 5520 2679 5520 2675 5520 2598 5544 2610 5690"/></Shape>
            <String CONTENT="Et"
                    HPOS="2598"
                    VPOS="5520"
                    WIDTH="272"
                    HEIGHT="255"
                    WC="0.99998939037323"></String>
          </TextLine>
        </TextBlock>
        <TextBlock HPOS="2888"
                   VPOS="3042"
                   WIDTH="603"
                   HEIGHT="253"
                   ID="eSc_textblock_f1f2d92d"
                   TAGREFS="BT13">
          <Shape><Polygon POINTS="2888 3042 2894 3295 3491 3295 3491 3042"/></Shape>
          <TextLine ID="eSc_line_4088bcdd"
                    TAGREFS="LT8"
                    BASELINE="2929 3195 3442 3198" 
                    HPOS="2919"
                    VPOS="2946"
                    WIDTH="518"
                    HEIGHT="329">
            <Shape><Polygon POINTS="2925 3190 2919 3275 3431 3257 3437 3196 3437 3019 3297 3019 3145 2946 3139 2946 3133 2946 2925 2989 2925 3190"/></Shape>
            <String CONTENT="Mat.16."
                    HPOS="2919"
                    VPOS="2946"
                    WIDTH="518"
                    HEIGHT="329"
                    WC="0.9586834141186306"></String>
          </TextLine>
        </TextBlock>
        <TextBlock HPOS="2888"
                   VPOS="4139"
                   WIDTH="572"
                   HEIGHT="235"
                   ID="eSc_textblock_07c184b1"
                   TAGREFS="BT13">
          <Shape><Polygon POINTS="2888 4139 2888 4374 3460 4374 3460 4139"/></Shape>
          <TextLine ID="eSc_line_3048beab"
                    TAGREFS="LT8"
                    BASELINE="2913 4293 3044 4310 3430 4302" 
                    HPOS="2901"
                    VPOS="4097"
                    WIDTH="524"
                    HEIGHT="304">
            <Shape><Polygon POINTS="2907 4292 2907 4365 3206 4401 3212 4401 3419 4359 3425 4298 3419 4140 3291 4097 3285 4097 3279 4097 2901 4115 2907 4292"/></Shape>
            <String CONTENT="Mat.22"
                    HPOS="2901"
                    VPOS="4097"
                    WIDTH="524"
                    HEIGHT="304"
                    WC="0.9453187783559164"></String>
          </TextLine>
        </TextBlock>
      </PrintSpace>
    </Page>
  </Layout>
</alto>
