4267 6254
1716 495 287 245 Po¬

2199 493 1411 219 Denseigner les enfans

1928 670 2165 233 leur enfans/ des le commencement de

1935 826 2158 244 leur ieunesse. Car en ce peuuent ilz fai

1942 1000 1873 202 re seruice moult agreable a dieu.

1980 1136 2102 225 Premieremẽt donc/ soignerõt fort

1931 1289 2151 239 les parens de faire apprendre bonnes

1935 1448 2144 223 meurs a leurs enfans/ ⁊ de les garder

1935 1601 2140 226 de beguayer/ ⁊ de prononcer leurs pa¬

1931 1747 2148 229 rolles a moytie. Et ce se faict souuent

1931 1910 2141 219 par les nourrices lesquelles parlent

1931 2060 2127 226 ainsi aux enfans/ ⁊ ilz lapprennent ⁊

1921 2213 2130 212 lensuyuent. Et ce quilz apprennẽt ain

1925 2362 2105 198 si en ieunesse scaiuent ilz a grand poi¬

1914 2494 2116 226 ne laisser/ ou desaprendre/ ⁊ on se gar

1918 2644 2112 232 dera de les espauanter daucune chose

1914 2793 2113 236 en leur ieunesse. Car ilz en sont aucu¬

1911 2942 2105 237 nesfoys peureux toute leur uie. Et

1911 3109 2091 229 quãd ilz seront paruenu a lage de ui.

1911 3252 2105 232 ou uii. ans/ tout au plus/ on les en¬

1900 3394 2106 240 uoyera a lescole/ a quelque homme de

1897 3561 2098 229 bien/ ⁊ craignant dieu. Et les parens

1893 3700 2078 233 les doibuent souuentesfois admone¬

1890 3839 2060 257 ster de dieu/ cõme Iesus. Christ uray

1893 3999 2033 239 dieu/ ⁊ uray hõme/ est mort pour noꝰ

1879 4158 2061 226 en la croix/ ⁊ cõme nous aurons une

1872 4304 2055 240 autre uie meilleure apres ceste icy ⁊ cõ

1876 4450 2050 264 ment dieu a tout faict/ ⁊ cree: ⁊ q̃ tout

3585 4662 334 219 ce qui
