<?xml version="1.0" encoding="UTF-8"?>
<alto xmlns:xsi="http://www.w3.org/2001/XMLSchema-instance"
      xmlns="http://www.loc.gov/standards/alto/ns-v4#"
      xsi:schemaLocation="http://www.loc.gov/standards/alto/ns-v4# http://www.loc.gov/standards/alto/v4/alto-4-2.xsd">
  <Description>
    <MeasurementUnit>pixel</MeasurementUnit>
    <sourceImageInformation>
      <fileName>La_somme_de_lescripture_saincte_...Luther_Martin_bpt6k328613m.pdf_page_8.png</fileName>
      <fileIdentifier>pdf//La_somme_de_lescripture_saincte_...Luther_Martin_bpt6k328613m.pdf</fileIdentifier>
    </sourceImageInformation>
  </Description>
  <Tags>
    <OtherTag ID="BT7" LABEL="CustomZone" DESCRIPTION="block type CustomZone"/><OtherTag ID="BT8" LABEL="DamageZone" DESCRIPTION="block type DamageZone"/><OtherTag ID="BT9" LABEL="DigitizationArtefactZone" DESCRIPTION="block type DigitizationArtefactZone"/><OtherTag ID="BT10" LABEL="DropCapitalZone" DESCRIPTION="block type DropCapitalZone"/><OtherTag ID="BT11" LABEL="GraphicZone" DESCRIPTION="block type GraphicZone"/><OtherTag ID="BT12" LABEL="MainZone" DESCRIPTION="block type MainZone"/><OtherTag ID="BT13" LABEL="MarginTextZone" DESCRIPTION="block type MarginTextZone"/><OtherTag ID="BT14" LABEL="MusicZone" DESCRIPTION="block type MusicZone"/><OtherTag ID="BT15" LABEL="NumberingZone" DESCRIPTION="block type NumberingZone"/><OtherTag ID="BT17" LABEL="QuireMarksZone" DESCRIPTION="block type QuireMarksZone"/><OtherTag ID="BT18" LABEL="RunningTitleZone" DESCRIPTION="block type RunningTitleZone"/><OtherTag ID="BT19" LABEL="SealZone" DESCRIPTION="block type SealZone"/><OtherTag ID="BT20" LABEL="StampZone" DESCRIPTION="block type StampZone"/><OtherTag ID="BT21" LABEL="TableZone" DESCRIPTION="block type TableZone"/><OtherTag ID="BT22" LABEL="TitlePageZone" DESCRIPTION="block type TitlePageZone"/><OtherTag ID="BT3120" LABEL="text" DESCRIPTION="block type text"/>
    <OtherTag ID="LT7" LABEL="CustomLine" DESCRIPTION="line type CustomLine"/><OtherTag ID="LT8" LABEL="DefaultLine" DESCRIPTION="line type DefaultLine"/><OtherTag ID="LT9" LABEL="DropCapitalLine" DESCRIPTION="line type DropCapitalLine"/><OtherTag ID="LT10" LABEL="HeadingLine" DESCRIPTION="line type HeadingLine"/><OtherTag ID="LT11" LABEL="InterlinearLine" DESCRIPTION="line type InterlinearLine"/><OtherTag ID="LT12" LABEL="MusicLine" DESCRIPTION="line type MusicLine"/><OtherTag ID="LT958" LABEL="default" DESCRIPTION="line type default"/>
  </Tags>
  <Layout>
    <Page WIDTH="4267"
          HEIGHT="6999"
          PHYSICAL_IMG_NR="7"
          ID="eSc_dummypage_">
      <PrintSpace HPOS="0"
                  VPOS="0"
                  WIDTH="4267"
                  HEIGHT="6999">
        <TextBlock HPOS="1537"
                   VPOS="684"
                   WIDTH="375"
                   HEIGHT="215"
                   ID="eSc_textblock_10c0c634"
                   TAGREFS="BT15">
          <Shape><Polygon POINTS="1537 684 1537 899 1912 899 1912 684"/></Shape>
          <TextLine ID="eSc_line_5c4cad12"
                    TAGREFS="LT8"
                    BASELINE="1621 845 1843 837" 
                    HPOS="1611"
                    VPOS="641"
                    WIDTH="227"
                    HEIGHT="303">
            <Shape><Polygon POINTS="1616 839 1616 944 1838 909 1838 834 1827 688 1611 641 1616 839"/></Shape>
            <String CONTENT="4"
                    HPOS="1611"
                    VPOS="641"
                    WIDTH="227"
                    HEIGHT="303"
                    WC="0.9969719648361206"></String>
          </TextLine>
        </TextBlock>
        <TextBlock HPOS="2623"
                   VPOS="677"
                   WIDTH="734"
                   HEIGHT="229"
                   ID="eSc_textblock_051a51b0"
                   TAGREFS="BT18">
          <Shape><Polygon POINTS="2623 677 2623 906 3357 906 3357 677"/></Shape>
          <TextLine ID="eSc_line_0bda19d6"
                    TAGREFS="LT10"
                    BASELINE="2695 820 3290 820" 
                    HPOS="2691"
                    VPOS="684"
                    WIDTH="599"
                    HEIGHT="221">
            <Shape><Polygon POINTS="3197 684 3158 684 3119 684 3080 684 3041 684 3002 684 2963 684 2956 684 2944 696 2874 684 2847 684 2808 684 2769 684 2730 684 2691 688 2695 820 2695 898 2769 905 2773 905 2777 905 2781 905 2823 867 2886 867 2983 905 2987 905 2991 905 2995 905 2998 905 3057 863 3286 898 3290 812 3263 742 3236 715"/></Shape>
            <String CONTENT="Preface."
                    HPOS="2691"
                    VPOS="684"
                    WIDTH="599"
                    HEIGHT="221"
                    WC="0.9999952167272568"></String>
          </TextLine>
        </TextBlock>
        <TextBlock HPOS="1713"
                   VPOS="890"
                   WIDTH="2416"
                   HEIGHT="4367"
                   ID="eSc_textblock_44a1dd5f"
                   TAGREFS="BT12">
          <Shape><Polygon POINTS="1751 890 1735 2680 1792 2834 1740 2978 1713 5257 4129 5219 4114 898"/></Shape>
          <TextLine ID="eSc_line_48ebb67a"
                    TAGREFS="LT8"
                    BASELINE="1781 1030 4072 1022" 
                    HPOS="1777"
                    VPOS="870"
                    WIDTH="2295"
                    HEIGHT="218">
            <Shape><Polygon POINTS="3994 925 3955 909 3940 905 3839 905 3811 894 3800 894 3761 894 3722 894 3683 894 3679 890 3640 905 3496 905 3477 886 3450 886 3415 886 3333 902 3271 874 3267 874 3263 874 3123 902 2967 870 2963 870 2707 905 2508 878 2504 878 2501 878 2419 905 2279 874 2275 874 2271 874 2267 874 2267 878 2244 902 2186 874 2182 874 2178 874 1777 886 1781 1030 1781 1065 1867 1065 1902 1088 1905 1088 1909 1088 1913 1088 2026 1069 2119 1088 2123 1088 2127 1088 2131 1088 2170 1065 2267 1088 2271 1088 2275 1088 2392 1069 2524 1088 2528 1088 2532 1088 2536 1088 2567 1065 2804 1088 2808 1088 2812 1088 2925 1061 3061 1080 3065 1080 3068 1080 3138 1061 3170 1084 3173 1084 3177 1084 3181 1084 3185 1084 3189 1084 3228 1061 3310 1080 3314 1080 3317 1080 3321 1080 3391 1061 3500 1084 3504 1084 3508 1084 3555 1061 3617 1084 3621 1084 3625 1088 3706 1088 3706 1084 3710 1084 3714 1084 3714 1080 3734 1061 3792 1084 3796 1084 3800 1084 4068 1077 4072 1022 4018 933 3994 925"/></Shape>
            <String CONTENT="iustifie sans noz bõnes oeuures/ ⁊ m"
                    HPOS="1777"
                    VPOS="870"
                    WIDTH="2295"
                    HEIGHT="218"
                    WC="0.9908048204473547"></String>
          </TextLine>
          <TextLine ID="eSc_line_4aecabaf"
                    TAGREFS="LT8"
                    BASELINE="1789 1193 4076 1185" 
                    HPOS="1785"
                    VPOS="1065"
                    WIDTH="2291"
                    HEIGHT="190">
            <Shape><Polygon POINTS="1789 1193 1789 1224 2213 1224 2357 1252 2361 1252 2364 1252 2419 1224 2555 1252 2559 1252 2563 1252 2641 1224 2668 1248 2668 1252 2672 1252 2676 1252 2680 1255 2843 1255 2843 1252 2998 1220 3240 1220 3267 1244 3267 1248 3271 1248 3275 1248 3279 1248 3391 1228 3559 1244 3562 1244 3566 1244 3613 1220 3691 1244 3695 1244 3699 1244 3702 1244 3796 1220 3846 1248 3850 1248 3854 1252 4072 1252 4076 1185 4068 1065 1785 1065 1789 1193"/></Shape>
            <String CONTENT="rites/ ce nest point mon intention de"
                    HPOS="1785"
                    VPOS="1065"
                    WIDTH="2291"
                    HEIGHT="190"
                    WC="0.9845097209956195"></String>
          </TextLine>
          <TextLine ID="eSc_line_d859cb8e"
                    TAGREFS="LT8"
                    BASELINE="1804 1360 4076 1349" 
                    HPOS="1800"
                    VPOS="1209"
                    WIDTH="2276"
                    HEIGHT="214">
            <Shape><Polygon POINTS="1804 1360 1804 1395 2123 1423 2127 1423 2131 1423 2135 1423 2135 1419 2158 1399 2341 1415 2345 1415 2466 1395 2547 1423 2551 1423 2555 1423 2711 1395 3111 1419 3115 1419 3317 1388 3667 1388 3776 1415 3780 1415 3784 1415 3901 1392 3936 1415 3940 1415 3944 1415 3948 1419 4072 1419 4076 1349 4068 1240 3881 1240 3850 1213 3850 1209 3846 1209 3843 1209 3839 1209 3648 1236 3597 1209 3594 1209 3454 1209 3450 1209 3310 1240 3189 1213 3185 1213 2703 1240 2676 1217 2676 1213 2672 1213 2668 1213 2574 1213 2571 1213 2567 1213 2489 1244 1960 1217 1956 1217 1952 1217 1948 1217 1902 1248 1800 1248 1804 1360"/></Shape>
            <String CONTENT="dissuader a q̃lcun de faire bõnes oeu/"
                    HPOS="1800"
                    VPOS="1209"
                    WIDTH="2276"
                    HEIGHT="214"
                    WC="0.9864078867129791"></String>
          </TextLine>
          <TextLine ID="eSc_line_14a89654"
                    TAGREFS="LT8"
                    BASELINE="1797 1528 4080 1516" 
                    HPOS="1793"
                    VPOS="1376"
                    WIDTH="2287"
                    HEIGHT="218">
            <Shape><Polygon POINTS="1797 1528 1797 1570 2038 1594 2042 1594 2186 1570 2236 1594 2240 1594 2244 1594 2248 1594 2252 1594 2287 1570 2333 1590 2337 1590 2341 1590 2345 1590 2407 1570 2800 1590 2804 1590 2808 1590 2812 1590 2835 1570 2874 1590 2878 1590 2882 1590 2886 1590 2936 1566 3131 1566 3310 1590 3314 1590 3531 1563 3722 1586 3726 1586 3730 1586 3780 1563 4072 1586 4080 1516 4072 1407 3376 1376 3372 1376 3368 1376 3275 1407 2971 1380 2967 1380 2765 1411 2450 1411 2407 1384 2403 1384 2399 1384 2396 1384 2392 1384 2337 1407 2077 1388 2073 1388 1793 1415 1797 1528"/></Shape>
            <String CONTENT="ures: mais mon intẽtion est dẽseigner"
                    HPOS="1793"
                    VPOS="1376"
                    WIDTH="2287"
                    HEIGHT="218"
                    WC="0.9850292266943516"></String>
          </TextLine>
          <TextLine ID="eSc_line_461ed0b2"
                    TAGREFS="LT8"
                    BASELINE="1793 1695 4072 1679" 
                    HPOS="1789"
                    VPOS="1547"
                    WIDTH="2283"
                    HEIGHT="206">
            <Shape><Polygon POINTS="1793 1695 1793 1730 2084 1730 2108 1749 2108 1753 2112 1753 2115 1753 2119 1753 2123 1753 2205 1730 2310 1753 2314 1753 2318 1753 2364 1730 2489 1749 2493 1749 2497 1749 2543 1726 2594 1745 2598 1745 2602 1745 2606 1745 2609 1745 2633 1722 2936 1722 3131 1722 3154 1741 3154 1745 3158 1745 3162 1745 3166 1745 3395 1726 3496 1745 3500 1745 3679 1718 3714 1741 3718 1741 3722 1741 3726 1741 3858 1718 4068 1738 4072 1679 4068 1570 4010 1547 4006 1547 4002 1547 3998 1547 3994 1547 3994 1551 3975 1566 3811 1547 3808 1547 3683 1566 3539 1547 3535 1547 3531 1547 3527 1547 3489 1570 3014 1551 3010 1551 3006 1551 2921 1574 2384 1555 2380 1555 2376 1555 2294 1578 1863 1559 1859 1559 1855 1559 1789 1578 1793 1695"/></Shape>
            <String CONTENT="toutes personnes/ comment on doibf"
                    HPOS="1789"
                    VPOS="1547"
                    WIDTH="2283"
                    HEIGHT="206"
                    WC="0.9881393330938676"></String>
          </TextLine>
          <TextLine ID="eSc_line_1839a422"
                    TAGREFS="LT8"
                    BASELINE="1804 1862 4072 1843" 
                    HPOS="1800"
                    VPOS="1706"
                    WIDTH="2272"
                    HEIGHT="218">
            <Shape><Polygon POINTS="1804 1862 1804 1909 1847 1924 1851 1924 1855 1924 1859 1924 1863 1924 1863 1920 1890 1897 2007 1924 2010 1924 2189 1893 2617 1893 2691 1913 2695 1913 2699 1913 2971 1889 3006 1916 3010 1916 3014 1916 3018 1916 3314 1897 3446 1913 3450 1913 3454 1913 3520 1885 3636 1909 3640 1909 3644 1909 3726 1885 4064 1909 4072 1843 4060 1734 3858 1738 3827 1714 3827 1710 3823 1710 3819 1710 3660 1706 3656 1706 3652 1706 3551 1741 3489 1714 3485 1714 3481 1714 3477 1714 3419 1734 3364 1710 3360 1710 3201 1710 3197 1710 3193 1710 3189 1710 3189 1714 3150 1745 2979 1714 2975 1714 2971 1714 2870 1749 2672 1749 2567 1718 2563 1718 2559 1718 2357 1749 2244 1722 2240 1722 1859 1722 1855 1722 1851 1722 1847 1722 1800 1749 1804 1862"/></Shape>
            <String CONTENT="faire les oeuures/ ⁊ quon ne se doibt"
                    HPOS="1800"
                    VPOS="1706"
                    WIDTH="2272"
                    HEIGHT="218"
                    WC="0.999000520319552"></String>
          </TextLine>
          <TextLine ID="eSc_line_1b707518"
                    TAGREFS="LT8"
                    BASELINE="1804 2033 4076 2010" 
                    HPOS="1800"
                    VPOS="1874"
                    WIDTH="2276"
                    HEIGHT="221">
            <Shape><Polygon POINTS="1804 2033 1804 2095 1940 2072 2069 2072 2096 2095 2100 2095 2104 2095 2108 2095 2112 2095 2178 2072 2217 2091 2221 2091 2224 2091 2228 2091 2232 2091 2259 2068 2528 2091 2532 2091 2536 2091 2539 2091 2539 2088 2559 2072 2582 2088 2586 2088 2590 2088 2594 2091 2796 2091 2796 2088 2800 2088 2866 2064 2932 2088 2936 2088 2940 2088 3317 2056 3574 2056 3671 2080 3675 2080 3679 2080 3850 2053 4072 2076 4076 2010 4068 1901 3874 1897 3850 1874 3846 1874 3843 1874 3839 1874 3683 1905 3321 1905 3271 1878 3267 1878 3263 1878 3259 1878 3189 1905 2936 1878 2932 1878 2928 1878 2816 1909 2738 1881 2734 1881 2730 1881 2726 1881 2621 1909 2512 1885 2178 1885 2174 1885 1975 1916 1890 1889 1886 1889 1882 1889 1878 1889 1800 1920 1804 2033"/></Shape>
            <String CONTENT="point fier sur ses bonnes oeuures/ n"
                    HPOS="1800"
                    VPOS="1874"
                    WIDTH="2276"
                    HEIGHT="221"
                    WC="0.9938269986046685"></String>
          </TextLine>
          <TextLine ID="eSc_line_7d201497"
                    TAGREFS="LT8"
                    BASELINE="1793 2193 4072 2177" 
                    HPOS="1789"
                    VPOS="2037"
                    WIDTH="2283"
                    HEIGHT="218">
            <Shape><Polygon POINTS="1793 2193 1793 2228 2193 2255 2197 2255 2201 2255 2294 2228 2543 2251 2547 2251 2551 2251 2613 2224 2656 2251 2660 2251 2664 2251 2668 2255 2870 2255 2870 2251 2874 2251 2928 2220 2963 2247 2967 2247 2971 2247 2975 2251 3068 2251 3068 2247 3072 2247 3135 2220 3267 2239 3271 2239 3730 2216 3776 2243 3780 2243 3784 2243 3788 2247 4068 2247 4072 2177 4064 2056 3691 2037 3687 2037 3469 2064 3446 2045 3446 2041 3442 2041 3438 2041 3068 2041 3065 2041 3061 2041 3057 2041 3057 2045 3033 2064 2820 2045 2816 2045 2812 2045 2808 2045 2773 2072 2329 2072 2287 2049 2283 2049 2279 2049 2275 2049 2271 2049 2209 2068 2147 2049 2143 2049 2139 2049 2135 2049 2131 2049 2131 2053 2108 2072 1929 2053 1925 2053 1789 2076 1793 2193"/></Shape>
            <String CONTENT="en icelles querir son salut/ mais seule/"
                    HPOS="1789"
                    VPOS="2037"
                    WIDTH="2283"
                    HEIGHT="218"
                    WC="0.998914560675621"></String>
          </TextLine>
          <TextLine ID="eSc_line_09badfc6"
                    TAGREFS="LT8"
                    BASELINE="1797 2360 4053 2344" 
                    HPOS="1793"
                    VPOS="2204"
                    WIDTH="2260"
                    HEIGHT="222">
            <Shape><Polygon POINTS="1797 2360 1797 2395 2322 2426 2326 2426 2329 2426 2333 2426 2392 2391 2504 2422 2508 2422 2512 2422 2633 2395 2750 2422 2753 2422 2757 2422 2761 2422 2812 2391 3166 2418 3170 2418 3173 2418 3177 2418 3216 2387 3422 2406 3426 2406 3430 2406 3434 2406 3461 2387 3500 2414 3504 2414 3508 2414 3512 2414 3675 2383 3706 2410 3706 2414 3710 2414 3714 2414 3718 2418 3788 2418 3788 2414 3792 2414 3796 2414 3796 2410 3819 2387 3870 2414 3874 2414 3878 2418 4049 2418 4053 2344 4045 2235 3823 2235 3765 2204 3761 2204 3757 2204 3644 2228 3485 2204 3481 2204 3477 2204 3399 2235 3220 2208 3216 2208 3212 2208 3119 2231 3014 2208 3010 2208 3006 2208 3002 2208 2963 2235 2792 2212 2788 2212 2656 2235 2582 2212 2578 2212 2574 2212 2571 2212 2567 2212 2567 2216 2539 2243 2450 2243 2403 2212 2399 2212 2396 2212 2392 2212 2388 2212 2326 2243 2256 2220 2252 2220 2022 2220 2018 2220 2014 2220 2010 2220 1983 2243 1859 2216 1855 2216 1793 2228 1797 2360"/></Shape>
            <String CONTENT="ment en la foy de Iesus Christ/ ⁊ en"
                    HPOS="1793"
                    VPOS="2204"
                    WIDTH="2260"
                    HEIGHT="222"
                    WC="0.9885974311166339"></String>
          </TextLine>
          <TextLine ID="eSc_line_83463ce5"
                    TAGREFS="LT8"
                    BASELINE="1800 2515 4056 2507" 
                    HPOS="1797"
                    VPOS="2379"
                    WIDTH="2259"
                    HEIGHT="198">
            <Shape><Polygon POINTS="1800 2515 1800 2550 1890 2577 1894 2577 1898 2577 1902 2577 1905 2577 1905 2574 1929 2554 2034 2577 2038 2577 2042 2577 2108 2550 2182 2574 2186 2574 2189 2574 2353 2550 2380 2570 2384 2570 2388 2570 2392 2570 2497 2554 2644 2577 2648 2577 2652 2577 2722 2558 2769 2577 2773 2577 2777 2577 2781 2577 2785 2577 2812 2558 2855 2577 2858 2577 2862 2577 2866 2577 2956 2546 3080 2546 3115 2574 3119 2574 3123 2574 3127 2574 3216 2554 3255 2574 3259 2574 3263 2574 3434 2554 3734 2574 3738 2574 3741 2574 3745 2574 3788 2546 4049 2570 4056 2507 4045 2406 3850 2406 3823 2387 3819 2387 3815 2387 3811 2387 3667 2406 3613 2379 3609 2379 3605 2379 3422 2399 3321 2379 3317 2379 3314 2379 3310 2379 3282 2402 3189 2379 3185 2379 3181 2379 3177 2379 3173 2379 3131 2410 2843 2410 2777 2383 2773 2383 2769 2383 2765 2383 2761 2383 2734 2406 2707 2387 2707 2383 2703 2383 2699 2383 2571 2383 2567 2383 2563 2383 2559 2383 2524 2410 2368 2383 2364 2383 2361 2383 2294 2414 1929 2414 1851 2383 1847 2383 1843 2383 1839 2383 1835 2383 1797 2406 1800 2515"/></Shape>
            <String CONTENT="la grace de Dieu. Ceste foy auois"
                    HPOS="1797"
                    VPOS="2379"
                    WIDTH="2259"
                    HEIGHT="198"
                    WC="0.983213742574056"></String>
          </TextLine>
          <TextLine ID="eSc_line_be82b0b8"
                    TAGREFS="LT8"
                    BASELINE="1789 2690 4056 2682" 
                    HPOS="1785"
                    VPOS="2554"
                    WIDTH="2271"
                    HEIGHT="183">
            <Shape><Polygon POINTS="1789 2690 1789 2725 4049 2737 4056 2682 4045 2554 1785 2554 1789 2690"/></Shape>
            <String CONTENT="Abraham/ comme escript sainct Pai"
                    HPOS="1785"
                    VPOS="2554"
                    WIDTH="2271"
                    HEIGHT="183"
                    WC="0.993382833220742"></String>
          </TextLine>
          <TextLine ID="eSc_line_be50c2fe"
                    TAGREFS="LT8"
                    BASELINE="1792 2842 4056 2846" 
                    HPOS="1786"
                    VPOS="2694"
                    WIDTH="2265"
                    HEIGHT="228">
            <Shape><Polygon POINTS="1786 2840 1786 2892 4045 2922 4051 2840 4051 2735 3724 2694 3718 2694 3543 2729 3455 2694 3449 2694 3443 2694 3280 2729 3105 2694 3099 2694 3093 2694 2976 2729 2854 2694 2848 2694 2842 2694 2836 2694 2831 2694 2778 2729 2486 2700 2480 2700 2474 2700 2399 2729 2358 2700 2352 2700 2346 2700 2340 2700 2165 2729 2072 2700 2066 2700 2060 2700 1786 2729 1786 2840"/></Shape>
            <String CONTENT="aux Romains. Car Abraham uiuoy"
                    HPOS="1786"
                    VPOS="2694"
                    WIDTH="2265"
                    HEIGHT="228"
                    WC="0.9954723517100016"></String>
          </TextLine>
          <TextLine ID="eSc_line_f008c93d"
                    TAGREFS="LT8"
                    BASELINE="1797 3025 4056 3013" 
                    HPOS="1793"
                    VPOS="2869"
                    WIDTH="2263"
                    HEIGHT="218">
            <Shape><Polygon POINTS="1797 3025 1797 3060 2084 3079 2088 3079 2201 3060 2236 3087 2240 3087 2244 3087 2248 3087 2399 3060 2504 3079 2508 3079 2512 3079 2516 3079 2551 3056 2781 3056 2812 3079 2812 3083 2816 3083 2820 3083 2823 3083 2827 3083 2882 3064 3072 3083 3076 3083 3080 3083 3170 3056 3228 3056 3255 3079 3255 3083 3259 3083 3263 3083 3267 3083 3271 3083 3317 3060 3520 3079 3524 3079 3527 3079 3531 3079 3574 3052 3644 3079 3648 3079 3652 3079 4053 3067 4056 3013 4049 2900 3539 2869 3535 2869 3419 2896 3298 2869 3294 2869 3123 2900 3053 2873 3049 2873 2820 2873 2816 2873 2812 2873 2734 2900 2555 2873 2551 2873 2329 2900 2283 2877 2279 2877 2275 2877 2271 2877 2213 2904 1975 2904 1933 2877 1929 2877 1925 2877 1921 2877 1917 2877 1793 2908 1797 3025"/></Shape>
            <String CONTENT="cõtre esperãce/ en esperãce. Cestadire/"
                    HPOS="1793"
                    VPOS="2869"
                    WIDTH="2263"
                    HEIGHT="218"
                    WC="0.9707031959579104"></String>
          </TextLine>
          <TextLine ID="eSc_line_db28bfdc"
                    TAGREFS="LT8"
                    BASELINE="1789 3184 4060 3176" 
                    HPOS="1785"
                    VPOS="3044"
                    WIDTH="2275"
                    HEIGHT="202">
            <Shape><Polygon POINTS="1789 3184 1789 3231 1952 3219 2034 3242 2038 3242 2042 3242 2045 3242 2131 3219 2162 3242 2166 3242 2170 3242 2174 3246 2294 3246 2294 3242 2298 3242 2345 3219 2508 3242 2512 3242 2516 3242 2520 3242 2520 3238 2543 3219 2796 3219 2831 3242 2835 3242 2839 3242 2843 3242 3216 3219 3314 3238 3317 3238 3442 3215 3761 3238 3765 3238 3769 3238 3773 3238 3808 3215 4053 3238 4060 3176 4053 3071 3769 3048 3765 3048 3761 3048 3664 3071 3566 3044 3562 3044 3559 3044 3555 3044 3465 3067 3415 3044 3411 3044 3407 3044 3403 3044 3337 3071 3162 3044 3158 3044 3154 3044 3150 3044 3150 3048 3123 3071 2870 3052 2866 3052 2652 3075 2621 3052 2621 3048 2617 3048 2613 3048 2609 3048 2454 3067 2333 3048 2329 3048 2326 3048 2322 3048 2322 3052 2298 3071 2244 3052 2240 3052 2236 3052 2232 3052 2182 3075 2131 3048 2127 3048 2123 3048 2007 3067 1898 3048 1894 3048 1890 3048 1785 3079 1789 3184"/></Shape>
            <String CONTENT="ce que selon nature ⁊ uertu humaint"
                    HPOS="1785"
                    VPOS="3044"
                    WIDTH="2275"
                    HEIGHT="202"
                    WC="0.9995261907577515"></String>
          </TextLine>
          <TextLine ID="eSc_line_c40f4c9b"
                    TAGREFS="LT8"
                    BASELINE="1793 3355 4045 3340" 
                    HPOS="1789"
                    VPOS="3200"
                    WIDTH="2256"
                    HEIGHT="217">
            <Shape><Polygon POINTS="1793 3355 1793 3394 1847 3394 1870 3413 1870 3417 1874 3417 1878 3417 1882 3417 2030 3394 2314 3394 2333 3410 2333 3413 2337 3413 2341 3413 2345 3417 2598 3417 2598 3413 2602 3413 2606 3413 2633 3390 2808 3413 2812 3413 2816 3413 2917 3386 3080 3410 3084 3410 3088 3410 3146 3386 3185 3410 3189 3410 3193 3410 3197 3410 3341 3386 3543 3406 3547 3406 3551 3406 3609 3382 3722 3406 3726 3406 3730 3406 3734 3406 3761 3386 3804 3406 3808 3406 3811 3406 4041 3398 4045 3340 4037 3235 3944 3235 3901 3200 3897 3200 3893 3200 3889 3200 3710 3231 3578 3231 3524 3200 3520 3200 3516 3200 3512 3200 3454 3223 3426 3203 3422 3203 3419 3203 3415 3203 3411 3203 3341 3238 3100 3238 3037 3203 3033 3203 2913 3203 2909 3203 2905 3203 2820 3223 2528 3207 2524 3207 2520 3207 2454 3242 2287 3242 2065 3215 2061 3215 2057 3215 2053 3215 2022 3238 1987 3211 1983 3211 1979 3211 1870 3211 1867 3211 1863 3211 1789 3242 1793 3355"/></Shape>
            <String CONTENT="estoit impossible/ il croyoit toutefoys"
                    HPOS="1789"
                    VPOS="3200"
                    WIDTH="2256"
                    HEIGHT="217"
                    WC="0.9795502317257416"></String>
          </TextLine>
          <TextLine ID="eSc_line_3c47e7ab"
                    TAGREFS="LT8"
                    BASELINE="1789 3518 4056 3507" 
                    HPOS="1785"
                    VPOS="3371"
                    WIDTH="2271"
                    HEIGHT="206">
            <Shape><Polygon POINTS="1789 3518 1789 3557 2504 3577 2508 3577 2621 3553 2932 3573 2936 3573 3345 3550 3578 3569 3582 3569 3586 3569 3640 3550 3667 3569 3671 3569 3675 3569 3679 3573 4053 3573 4056 3507 4049 3394 3749 3371 3745 3371 3741 3371 3738 3371 3738 3375 3706 3402 3594 3402 3438 3371 3434 3371 3430 3371 3426 3371 3426 3375 3395 3402 2890 3402 2761 3375 2757 3375 2753 3375 2695 3402 2563 3378 2559 3378 2411 3406 2337 3378 2333 3378 2042 3378 2038 3378 1785 3410 1789 3518"/></Shape>
            <String CONTENT="quil aduiendroit: pourtant que Dieu"
                    HPOS="1785"
                    VPOS="3371"
                    WIDTH="2271"
                    HEIGHT="206"
                    WC="0.9971915875162397"></String>
          </TextLine>
          <TextLine ID="eSc_line_ad659ef5"
                    TAGREFS="LT8"
                    BASELINE="1773 3682 4064 3674" 
                    HPOS="1769"
                    VPOS="3538"
                    WIDTH="2295"
                    HEIGHT="194">
            <Shape><Polygon POINTS="1773 3682 1773 3732 4060 3725 4064 3674 4056 3553 3994 3538 3990 3538 3986 3538 3928 3565 3870 3538 3866 3538 3862 3538 3858 3538 3804 3569 3702 3569 3594 3538 3590 3538 3586 3538 3582 3538 3578 3538 3578 3542 3551 3569 3485 3569 3387 3538 3384 3538 3380 3538 3247 3565 3205 3538 3201 3538 3197 3538 2956 3538 2952 3538 2948 3538 2944 3538 2901 3569 2703 3542 2699 3542 2695 3542 2691 3542 2656 3569 2310 3550 2306 3550 2170 3569 2143 3546 2139 3546 2135 3546 2131 3546 2127 3546 2123 3546 2123 3550 2100 3573 2030 3573 1832 3546 1828 3546 1824 3546 1769 3569 1773 3682"/></Shape>
            <String CONTENT="luy auoit promis. Aĩsi doibt un chas¬"
                    HPOS="1769"
                    VPOS="3538"
                    WIDTH="2295"
                    HEIGHT="194"
                    WC="0.9827261771026411"></String>
          </TextLine>
          <TextLine ID="eSc_line_ed8fe6d4"
                    TAGREFS="LT8"
                    BASELINE="1777 3849 4064 3841" 
                    HPOS="1773"
                    VPOS="3705"
                    WIDTH="2291"
                    HEIGHT="210">
            <Shape><Polygon POINTS="1777 3849 1781 3915 1847 3892 2010 3911 2014 3911 2018 3911 2108 3888 2174 3911 2178 3911 2182 3915 2182 3911 2186 3911 2252 3888 2318 3911 2322 3911 2326 3911 2446 3888 2520 3911 2524 3911 2528 3911 2921 3884 3345 3884 3395 3907 3399 3907 3403 3907 3407 3907 3411 3907 3438 3884 3520 3907 3524 3907 3527 3907 3734 3884 3885 3884 3920 3907 3924 3907 3928 3907 3932 3907 4060 3888 4064 3841 4056 3736 3667 3736 3586 3705 3582 3705 3578 3705 3372 3732 3263 3705 3259 3705 3255 3705 3080 3732 2952 3705 2948 3705 2944 3705 2940 3705 2940 3709 2905 3736 2800 3709 2796 3709 2792 3709 2609 3736 2403 3709 2399 3709 1913 3717 1909 3717 1870 3736 1773 3721 1777 3849"/></Shape>
            <String CONTENT="cun Chrestien uiure contre esperance/"
                    HPOS="1773"
                    VPOS="3705"
                    WIDTH="2291"
                    HEIGHT="210"
                    WC="0.9998311271538606"></String>
          </TextLine>
          <TextLine ID="eSc_line_bea6f5f4"
                    TAGREFS="LT8"
                    BASELINE="1777 4016 4068 4008" 
                    HPOS="1773"
                    VPOS="3868"
                    WIDTH="2295"
                    HEIGHT="199">
            <Shape><Polygon POINTS="1777 4016 1777 4055 4060 4067 4068 4008 4060 3896 3675 3868 3671 3868 3667 3868 3664 3868 3625 3903 3555 3903 3524 3872 3524 3868 3520 3868 3516 3868 3333 3868 3329 3868 3131 3899 2983 3868 2979 3868 2975 3868 2925 3896 2878 3872 2874 3872 2660 3872 2656 3872 2652 3872 2648 3872 2648 3876 2617 3907 2170 3907 2123 3872 2119 3872 2115 3872 2112 3872 2108 3872 2022 3899 1933 3872 1929 3872 1925 3872 1773 3907 1777 4016"/></Shape>
            <String CONTENT="en esperance. Cestadire/ il fault qͥl re¬"
                    HPOS="1773"
                    VPOS="3868"
                    WIDTH="2295"
                    HEIGHT="199"
                    WC="0.9839229278448152"></String>
          </TextLine>
          <TextLine ID="eSc_line_08ddd51a"
                    TAGREFS="LT8"
                    BASELINE="1773 4183 4072 4176" 
                    HPOS="1769"
                    VPOS="4039"
                    WIDTH="2303"
                    HEIGHT="203">
            <Shape><Polygon POINTS="1773 4183 1777 4242 1867 4218 2151 4218 2186 4242 2189 4242 2193 4242 2197 4242 2201 4242 2275 4218 2357 4238 2361 4238 2364 4238 2501 4218 2524 4238 2524 4242 2528 4242 2532 4242 2536 4242 2800 4218 2913 4238 2917 4238 2921 4238 3010 4214 3084 4238 3088 4238 3092 4238 3096 4238 3158 4218 3247 4234 3251 4234 3255 4234 3259 4234 3259 4230 3279 4214 3516 4238 3520 4238 4068 4218 4072 4176 4064 4063 3671 4039 3667 4039 3664 4039 3660 4039 3660 4043 3640 4063 3524 4063 3481 4039 3477 4039 3473 4039 3469 4039 3419 4059 3387 4039 3384 4039 3380 4039 3376 4039 3372 4039 3368 4039 3345 4059 2742 4043 2738 4043 2734 4043 2680 4063 2571 4043 2567 4043 2473 4063 2454 4047 2454 4043 2450 4043 2446 4043 2256 4043 2252 4043 2248 4043 2205 4063 2154 4043 2151 4043 2147 4043 2143 4043 2139 4043 2139 4047 2119 4067 1952 4067 1859 4043 1855 4043 1851 4043 1769 4067 1773 4183"/></Shape>
            <String CONTENT="pute toutes ses bõnes oeuures poͬ pe¬"
                    HPOS="1769"
                    VPOS="4039"
                    WIDTH="2303"
                    HEIGHT="203"
                    WC="0.9962982315766183"></String>
          </TextLine>
          <TextLine ID="eSc_line_079854ac"
                    TAGREFS="LT8"
                    BASELINE="1769 4347 4064 4347" 
                    HPOS="1769"
                    VPOS="4203"
                    WIDTH="2295"
                    HEIGHT="210">
            <Shape><Polygon POINTS="1769 4347 1769 4386 1816 4409 1820 4409 1824 4409 1975 4389 2084 4409 2088 4409 2092 4409 2139 4389 2193 4409 2197 4409 2201 4409 2291 4389 2322 4409 2326 4409 2329 4409 2333 4413 2555 4413 2555 4409 2559 4409 2563 4409 2563 4405 2582 4389 2718 4409 2722 4409 2995 4389 3092 4409 3096 4409 3100 4409 3166 4389 3967 4409 3971 4409 4064 4386 4064 4347 4056 4211 4014 4234 3889 4234 3862 4207 3862 4203 3858 4203 3854 4203 3850 4203 3846 4203 3761 4230 3679 4203 3675 4203 3671 4203 3520 4226 3492 4203 3489 4203 3485 4203 3387 4203 3384 4203 3380 4203 3376 4203 3376 4207 3349 4230 3271 4203 3267 4203 3263 4203 3259 4203 3197 4230 2909 4203 2757 4203 2753 4203 2750 4203 2746 4203 2707 4234 2508 4234 2411 4203 2407 4203 2403 4203 2263 4234 2069 4234 2030 4203 2026 4203 2022 4203 2018 4203 2014 4203 2010 4203 1972 4230 1913 4203 1909 4203 1905 4203 1902 4203 1824 4230 1769 4222 1769 4347"/></Shape>
            <String CONTENT="che ⁊ pẽse que si Dieu le uouloit iu¬"
                    HPOS="1769"
                    VPOS="4203"
                    WIDTH="2295"
                    HEIGHT="210"
                    WC="0.9945650351674933"></String>
          </TextLine>
          <TextLine ID="eSc_line_c5955b1d"
                    TAGREFS="LT8"
                    BASELINE="1769 4510 4064 4510" 
                    HPOS="1769"
                    VPOS="4370"
                    WIDTH="2295"
                    HEIGHT="206">
            <Shape><Polygon POINTS="1769 4510 1769 4576 1913 4576 1913 4572 1917 4572 1921 4572 1956 4549 2014 4572 2018 4572 2022 4572 2205 4553 2442 4572 2446 4572 2450 4572 2532 4549 2718 4572 2722 4576 2835 4576 2835 4572 2839 4572 2843 4572 2878 4549 3193 4549 3244 4572 3247 4572 3251 4572 3255 4572 3352 4549 3387 4572 3391 4572 3395 4572 3399 4576 3617 4576 3617 4572 3621 4572 3625 4572 3660 4549 3741 4572 3745 4572 3749 4572 3753 4572 3854 4549 4060 4557 4064 4510 4056 4370 3971 4401 3905 4401 3878 4374 3878 4370 3874 4370 3870 4370 3465 4370 3461 4370 3457 4370 3407 4397 3352 4370 3349 4370 3247 4370 3244 4370 3240 4370 3236 4370 3193 4397 2858 4378 2855 4378 2687 4397 2625 4378 2621 4378 2617 4378 2516 4397 2411 4370 2407 4370 2403 4370 2399 4370 2298 4397 2275 4378 2275 4374 2271 4374 2267 4374 2263 4374 2259 4374 2205 4389 2151 4370 2147 4370 2143 4370 2139 4370 2030 4397 1913 4378 1909 4378 1769 4397 1769 4510"/></Shape>
            <String CONTENT="ger selon ses oeuures/ qͥl ne pourroit"
                    HPOS="1769"
                    VPOS="4370"
                    WIDTH="2295"
                    HEIGHT="206"
                    WC="0.9838418317468542"></String>
          </TextLine>
          <TextLine ID="eSc_line_9d1945cd"
                    TAGREFS="LT8"
                    BASELINE="1762 4677 4045 4677" 
                    HPOS="1762"
                    VPOS="4537"
                    WIDTH="2283"
                    HEIGHT="206">
            <Shape><Polygon POINTS="1762 4677 1762 4724 2131 4716 2154 4735 2154 4739 2158 4739 2162 4739 2166 4743 2248 4743 2248 4739 2353 4716 2427 4739 2431 4739 2434 4739 2664 4716 2777 4735 2781 4735 2785 4735 2788 4735 2808 4720 2835 4739 2839 4739 2843 4739 2847 4743 3224 4743 3224 4739 3356 4716 3438 4739 3442 4739 3446 4739 3450 4739 3500 4716 3520 4735 3520 4739 3524 4739 3527 4739 3531 4743 3776 4743 3776 4739 3780 4739 3827 4716 3901 4735 3905 4735 3909 4735 4045 4712 4045 4677 4045 4564 3994 4537 3990 4537 3986 4537 3827 4564 3551 4537 3547 4537 3543 4537 3481 4568 3306 4568 3216 4537 3212 4537 3209 4537 3084 4564 3014 4537 3010 4537 3006 4537 3002 4537 2936 4564 2855 4537 2851 4537 2847 4537 2843 4537 2839 4537 2800 4568 2715 4568 2676 4537 2672 4537 2668 4537 2664 4537 2555 4557 2454 4537 2450 4537 2446 4537 2399 4561 2341 4537 2337 4537 2333 4537 2329 4537 2326 4537 2287 4561 2178 4537 2174 4537 2170 4537 2108 4568 1991 4568 1925 4537 1921 4537 1917 4537 1762 4564 1762 4677"/></Shape>
            <String CONTENT="auoir salut. Car si iay faict q̃lque biẽ/"
                    HPOS="1762"
                    VPOS="4537"
                    WIDTH="2283"
                    HEIGHT="206"
                    WC="0.9992889889648983"></String>
          </TextLine>
          <TextLine ID="eSc_line_2b890c6f"
                    TAGREFS="LT8"
                    BASELINE="1758 4837 4037 4829" 
                    HPOS="1754"
                    VPOS="4697"
                    WIDTH="2283"
                    HEIGHT="210">
            <Shape><Polygon POINTS="1758 4837 1758 4883 2143 4907 2147 4907 2151 4907 2213 4883 2399 4907 2403 4907 2407 4907 2411 4907 2411 4903 2431 4883 2613 4883 2753 4907 2757 4907 2913 4879 3030 4879 3053 4899 3053 4903 3057 4903 3061 4903 3065 4903 3197 4879 3244 4903 3247 4903 3251 4907 3652 4907 3652 4903 3656 4903 3710 4879 4029 4903 4037 4829 4029 4728 3827 4708 3823 4708 3819 4708 3815 4708 3815 4712 3796 4732 3457 4732 3387 4697 3384 4697 3255 4697 3251 4697 3247 4697 3244 4697 3201 4728 2648 4700 2644 4700 2508 4732 2446 4700 2442 4700 2438 4700 2434 4700 2357 4728 2158 4708 2154 4708 2151 4708 2088 4732 2065 4708 2065 4704 2061 4704 2057 4704 1754 4700 1758 4837"/></Shape>
            <String CONTENT="il appartiẽt a Dieu/ ⁊ nõ point a moy"
                    HPOS="1754"
                    VPOS="4697"
                    WIDTH="2283"
                    HEIGHT="210"
                    WC="0.99756664954699"></String>
          </TextLine>
          <TextLine ID="eSc_line_7a45c3f5"
                    TAGREFS="LT8"
                    BASELINE="1762 5004 4006 4996" 
                    HPOS="1758"
                    VPOS="4868"
                    WIDTH="2248"
                    HEIGHT="210">
            <Shape><Polygon POINTS="1762 5004 1762 5043 1995 5043 2049 5074 2053 5074 2057 5074 2061 5078 2481 5078 2481 5074 2485 5074 2489 5074 2489 5070 2508 5054 2609 5074 2613 5074 2617 5074 2621 5074 2672 5043 2835 5066 2839 5066 2843 5066 2847 5066 2878 5043 2967 5043 3088 5070 3092 5070 3317 5043 3415 5070 3419 5070 3422 5070 3426 5070 3430 5070 3465 5050 3998 5054 4006 4996 3998 4887 3664 4868 3660 4868 3656 4868 3590 4895 3469 4868 3465 4868 3333 4895 3228 4868 3224 4868 3220 4868 3057 4895 2998 4868 2995 4868 2991 4868 2987 4868 2983 4868 2952 4895 2897 4872 2893 4872 2890 4872 2886 4872 2800 4899 2707 4872 2703 4872 2699 4872 2508 4899 2481 4875 2481 4872 2477 4872 2473 4872 2411 4872 2407 4872 2403 4872 2310 4899 2154 4872 2151 4872 2147 4872 2088 4899 2034 4875 2030 4875 2026 4875 2022 4875 2018 4875 1987 4899 1816 4879 1812 4879 1808 4879 1758 4899 1762 5004"/></Shape>
            <String CONTENT="car ie lay faict par la grace de Dieu/"
                    HPOS="1758"
                    VPOS="4868"
                    WIDTH="2248"
                    HEIGHT="210"
                    WC="0.9966862829107987"></String>
          </TextLine>
          <TextLine ID="eSc_line_17f0deda"
                    TAGREFS="LT8"
                    BASELINE="1762 5187 4053 5175" 
                    HPOS="1758"
                    VPOS="5031"
                    WIDTH="2295"
                    HEIGHT="245">
            <Shape><Polygon POINTS="1762 5187 1762 5268 1905 5257 1909 5257 1913 5257 1948 5229 2112 5229 2154 5268 2154 5272 2158 5272 2162 5272 2166 5272 2170 5272 2326 5229 2489 5229 2582 5272 2586 5272 2590 5276 2983 5276 2983 5272 2987 5272 2991 5272 3037 5233 3119 5272 3123 5272 3127 5272 3131 5272 3286 5222 3360 5268 3364 5268 3368 5268 3372 5268 3562 5245 3656 5268 3660 5268 3664 5268 3667 5268 3671 5268 3718 5229 3878 5249 3881 5249 4049 5218 4053 5175 4049 5070 3963 5031 3959 5031 3874 5031 3870 5031 3866 5031 3862 5031 3862 5035 3827 5070 3617 5070 3582 5035 3582 5031 3578 5031 3574 5031 3570 5031 3279 5074 3107 5074 3068 5047 3065 5047 3061 5047 3057 5047 3053 5047 3049 5047 3018 5070 2792 5070 2718 5035 2715 5035 2520 5035 2516 5035 2287 5078 2092 5078 2007 5039 2003 5039 1999 5039 1758 5054 1762 5187"/></Shape>
            <String CONTENT="⁊ par ce ne dessers ie aucun loyer. Ei"
                    HPOS="1758"
                    VPOS="5031"
                    WIDTH="2295"
                    HEIGHT="245"
                    WC="0.9950638789879648"></String>
          </TextLine>
        </TextBlock>
        <TextBlock HPOS="3839"
                   VPOS="5203"
                   WIDTH="298"
                   HEIGHT="238"
                   ID="eSc_textblock_025c0f9b"
                   TAGREFS="BT17">
          <Shape><Polygon POINTS="3839 5227 3846 5441 4137 5441 4137 5203"/></Shape>
          <TextLine ID="eSc_line_fc22436e"
                    TAGREFS="LT8"
                    BASELINE="3920 5366 4075 5359" 
                    HPOS="3858"
                    VPOS="5150"
                    WIDTH="275"
                    HEIGHT="297">
            <Shape><Polygon POINTS="3969 5179 3910 5196 3905 5196 3905 5202 3899 5202 3858 5260 3916 5365 3963 5447 4074 5371 4074 5365 4080 5365 4080 5360 4103 5290 4133 5292 4116 5253 4124 5220 4076 5201 4074 5150 4004 5167 4010 5179"/></Shape>
            <String CONTENT="si"
                    HPOS="3858"
                    VPOS="5150"
                    WIDTH="275"
                    HEIGHT="297"
                    WC="0.978170245885849"></String>
          </TextLine>
        </TextBlock>
        <TextBlock HPOS="1231"
                   VPOS="2726"
                   WIDTH="551"
                   HEIGHT="230"
                   ID="eSc_textblock_0527a1c1"
                   TAGREFS="BT13">
          <Shape><Polygon POINTS="1231 2726 1231 2956 1782 2956 1782 2726"/></Shape>
          <TextLine ID="eSc_line_d2d412fb"
                    TAGREFS="LT8"
                    BASELINE="1300 2894 1751 2887" 
                    HPOS="1290"
                    VPOS="2700"
                    WIDTH="455"
                    HEIGHT="233">
            <Shape><Polygon POINTS="1295 2892 1295 2933 1739 2933 1745 2881 1733 2741 1290 2700 1295 2892"/></Shape>
            <String CONTENT="Rom.4"
                    HPOS="1290"
                    VPOS="2700"
                    WIDTH="455"
                    HEIGHT="233"
                    WC="0.9993414402008056"></String>
          </TextLine>
        </TextBlock>
      </PrintSpace>
    </Page>
  </Layout>
</alto>
