4267 6154
2277 446 200 312 135

1001 519 917 216 Chapitre .xui.

314 673 2048 263 sostome. De telle uie estoit aussi S.

314 834 2058 242 Martin auec ses cõfreres. Ilz nestoiẽt

331 991 2038 232 point oyseux/ mais escripuoyent des

321 1135 2024 215 liures/ ⁊ labouroiẽt de leur mains poͬ

328 1271 2044 236 ainsi gaigner les despens. Et ne fai¬

338 1418 2031 236 soyent nulz ueuz ne ꝓfession. Chascũ

331 1582 2034 216 portoit tel abit quil uouloit/ cõme au

328 1719 2024 219 tres gẽs. Ilz uenoient souuẽt ensem

314 1876 2034 206 ble pour prier ou communier. Ilz na¬

314 2020 2041 198 uoyẽt nulles certaines messes/ ne heu

307 2159 2067 200 res iournellement a chãter. Et quand

312 2302 2062 226 il leur ennuyoit/ ilz pouoyẽt uuider de

294 2461 2071 198 la compaignie. Car ilz nestoyẽt point

335 2601 2037 209 contrainctz de la demourer par aucu¬

335 2741 2041 219 ne ꝓfession. Et quand aucũ euesque/

335 2902 2048 185 ou pasteur mouroit/ on p̃noit coustu¬

338 3042 2045 205 mieremẽt diceux moines poͬ un nou¬

341 3186 2042 212 ueau pasteͬ. Car cestoiẽt alors saĩctz/

348 3333 2021 205 et literez personnaiges. Ap̃s iceux

362 3490 2024 185 est uenue la tierce secte des moines/

362 3627 2021 205 desq̃lz estoit S. Benoit Montanus/

359 3777 2041 192 Gregoire/ ⁊ autres moines de lordre

365 3918 2028 201 S Benoit. En iceluy temps a la uie

359 4075 2037 198 des moines este q̃lq̃ peu aggrauee/ et

362 4222 2024 202 chargee ꝑ certaĩ nõbre/ ð Pseaulmes,

365 4365 2048 229 de prieres/ par une sorte dabitz/ ⁊ au¬

1538 4497 857 241 I 4 cunes
