4267 6238
1774 485 257 246 164

2630 499 843 176 Des nonnes.

1996 648 2094 249 mais font tout par cõtraincte de leuy

2000 810 2079 240 reigle ⁊ cõtre leur coeur/ et ny acqͥerie

2010 966 2069 243 souuentesfoys autre chose que uain

2000 1115 2086 236 gloire ⁊ oultrecuidance. Et ce leur se/

1996 1271 2083 239 roit une chose beaucoup plus prouffi

1989 1424 2090 229 table selles lisoyent psalmes en lan¬

1993 1576 2086 229 gaige/ leq̃l elles entendent. Car quãd

1979 1725 2097 243 lesprit nest poĩt adresse a Dieu/ le chã

1972 1878 2100 242 ter ou lire ne ꝓuffite rien. Car si le chq̃

1965 2034 2097 225 ter sans entendre plaisoit a Dieu/ les

1961 2190 2098 225 oyseaux/ luz/ ou harpes plairoyẽt foit

1958 2339 2087 228 a Dieu. Mais que les instrumens de

1948 2481 2086 242 musique plaisent aucunesfoys a dieu,

1954 2633 2091 243 cela ne se faict poĩt a cause diceux in¬

1951 2768 2073 260 strumẽs/ mais ce faict par nostre foy

1961 2935 2084 235 par ce que nous louons/ ⁊ remercions

1948 3067 2097 266 Dieu par tel moyen. Nostre coeur no¬

1941 3226 2090 256 stre esprit/ ⁊ foy faict telles choses ag

1937 3378 2090 246 greables a Dieu. Quand donc aucũ

1934 3531 2076 253 chãte sans entẽdemẽt ce ne luy ꝓuffi¬

1927 3683 2080 240 te gueres, ⁊ pourtãt uauldroit il beau

1923 3839 2073 233 coup mieux q̃ les nõnes ⁊ autres reli¬

1920 3985 2048 236 gieuses chantassent/ ou leussent leur

1916 4134 2087 246 psaultier en leur cõmũ lãgaige. Pau¬

1906 4279 2031 260 la ⁊ Eustochiũ (desquelles escript S.

1906 4439 2035 270 Hierosme) auec leͬs autres dames li¬

3577 4657 364 229 soyent
