4267 6633
1740 678 262 254 14

2234 681 1690 236 De quatre manieres de foy.

1954 854 2106 255 uerbes. Qui baille foy pour un estrã¬

1965 1009 2091 251 gier, sera uexe de mal. Et ceste est lg

1975 1149 2125 282 foy de laq̃lle se plaignẽt les mõdains.

1965 1311 2106 247 disans/ qͥl ny a point de foy au mõde.

2087 1466 1991 251 La seconde foy est quãd noꝰ croyõs

1954 1617 2128 251 la chose estre aduenue/ et ce q̃ oyons di

1947 1779 2124 240 re ou lisons. Cõme nous croyons que

1943 1938 2128 225 Rome est une cite en Italie/ ou q̃ Car

1932 2082 2124 257 thage a este destruicte des Romains, ⁊

1928 2262 2128 203 ce croyons nous iasoit que ne lauons

1928 2376 2117 262 point ueu. Ainsi croyõs nous aussi q̃

1925 2557 2131 228 Iesus Christ a icy uescu sur terre/ ⁊ qͥl

1925 2686 2113 247 a presche/ ⁊ qͥl est mort pour nous, ⁊ a

1931 2813 2109 282 faict plusieurs autres choses. Quand

1925 2981 2091 261 nous croyons ces choses selon lhistoi¬

1917 3139 2073 247 re/ nous cuydons que ceste est nr̃e foy

1910 3287 2080 250 Chrestiẽne. Et ce ne cuyde point seule

1910 3449 2087 247 mẽt le simple peuple: mais aussi plu¬

1903 3581 2098 271 sieurs docteurs en Theologie/ lesq̃lz

1906 3755 2084 235 sont tenuz pour saiges. Mais le dia¬

1898 3880 2086 276 ble a aussi ceste foy/ cõme dit S. Ia¬

1884 4057 2065 239 ques/ Les diables croyent ⁊ tremblẽt.

1873 4197 2073 254 Car (cõe noꝰ auons dict dessus) le dia

1873 4348 2054 254 ble croit bien que Dieu est Dieu/ et q̃

1869 4510 2043 236 Iesꝰ Christ a icy p̃sche/ ⁊ qͥl est mort/

1862 4661 2054 273 ensepuely/ et resuscite. Il nous fault

3592 4864 309 272 aussi

1433 3802 382 293 Iaco.2.
