4267 6154
2307 584 185 246 7i

943 629 831 188 Chapitre uii.

321 769 2017 239 la foy/ ⁊ fiãce en Iesu Christ. Et poͬ¬

331 936 2000 202 tant la foy est le fondement de Chre¬

345 1080 1997 212 stiente. Pour ceste cause si tu ueux, q̃

335 1230 2013 202 la passion ⁊ la grace de Dieu te uien¬

341 1374 2011 212 gne a secours ⁊ prouffite/ il fault q̃ tu

331 1521 2031 195 le croye fermement sans aucunement

338 1668 2017 198 uaciller/ affin q̃ tu saches q̃ cest tout

324 1815 2014 198 grace/ ⁊ point merite/ ⁊ q̃ les parolles

317 1959 2031 201 et ꝓmesses de Dieu sont trescertaines

314 2106 2024 201 et urayes. Car Dieu nous a nõme ses

324 2253 2021 201 enfans/ cõe dit sainct Paul. Pourtãt

352 2403 1983 188 q̃ uous estes enfans/ Dieu a enuoye

338 2547 2010 188 lesprit de son filz en noz coeurs criant

345 2694 2007 177 Pere/ Pere. Tu nes donc maintenãt

348 2824 1983 201 point serf/ mais filz: et si tu es filz/

341 2974 2014 198 tu es aussi heritier de dieu ꝑ Christ. Et

338 3128 2014 188 ainsi sommes nous deliurez de noz pe

352 3271 2007 192 chez/ et de la subiection du diable/ et

372 3418 1963 188 faictz heritiers du royaume des cieux

365 3565 1693 192 par le benefice de Iesus Christ.

492 3706 1856 194 Et affin q̃ le creussions sans dou¬

355 3856 1997 188 bter/ il nous a delaisse son corps au sa

348 4006 2004 182 cremẽt de la Cene pour un certain si¬

352 4147 1993 194 gne en uiãde/ ⁊ son sang en beuurai¬

353 4297 1990 190 ge lesquelz mãgeons ⁊ beuuons en la

352 4444 1996 222 Cene spirituellemẽt par Foy/ nõ pas

1523 4579 851 226 E 4 ainsy

2379 2312 390 231 Gal.4.

2379 4328 364 184 Luc.22.
