4267 6371
1626 477 217 298 26

2443 509 892 205 Du baptesme.

1851 683 2111 216 cepuoir silz estoyẽt iuifz ou payẽs. Et

1851 842 2097 202 cõe quãd les seruiteurs des Seigñrs

1866 987 2064 212 portent lenseigne deleurs seigñrs, on

1851 1146 2065 202 peut par iceluy cõgnoistre qͥlz seruẽt.

1844 1298 2104 202 Ainsi recepuons nous le signe du ba¬

1844 1451 2104 198 ptesme, par lequel nous dõnons a cõ¬

1841 1599 2100 195 gnoistre que Iesus Christ est nostre

1844 1752 2093 198 Seigneur. Secondement est le ba¬

1837 1907 2100 202 ptesme deaue signe de la grace de dieu

1837 2059 2079 195 par lequel Dieu nous faict certains,

1837 2212 2090 194 que nous iouyrons de sa grace ⁊ mise

1830 2364 2086 198 ricorde/ ⁊ quil nous pardõne noz pe¬

1827 2505 2092 202 chez/ ⁊ nous faict ses enfans. Sur ce

1834 2658 2057 198 nous dõne il le signe du baptesme poͬ

1827 2803 2061 216 un gaige/ affin que soyõs certains qͥl

1813 2966 2082 194 ne nous abandõnera point en nostre

1813 3104 2075 212 bataille/ ⁊ mort, laq̃lle nous menons

1809 3259 2089 216 icy en noz mauluais desirs ⁊ pechez: ⁊

1816 3419 2086 194 que certainement il nous donnera la

1816 3571 2082 194 uie eternelle. Et affin q̃ alors entre¬

1827 3712 2100 216 prenõs par une ferme cõstance a com

1813 3868 2075 205 batre/ estans asseurez ⁊ certains/ que

1816 4006 2068 213 Dieu ne nous delaissera iamais: car

1802 4165 2075 209 nous auons receu de luy un gaige, le

1820 4314 2050 209 signe du baptesme. Et si dauenture

1813 4466 2039 252 nous faillons aucunefois en la rou¬

3645 4640 196 239 ge
