4267 6461
1655 646 230 204 68

2528 664 675 204 De grace.

1874 829 2141 237 seule fontaine de misericorde/ ne me

1864 990 2147 230 fiant en mes bõnes oeuures/ lesquel¬

1878 1145 2123 222 les ne sont que ordure deuãt toy/ ne en

1874 1299 2137 219 aucune chose du monde/ fors seulem̃t

1871 1453 2133 219 en toy seul: car tu es seul, la uoye/ la

1874 1608 2120 208 uerite/ et la uie/ ⁊ ie te prie/ que a moy

1856 1755 2148 204 paoure pecheur tu uueille faire grace

1846 1905 2137 227 et misericorde. Amen. Ainsi se humi

1846 2067 2126 215 liera lhõme Chrestien/ ⁊ sentira petite

1842 2214 2119 219 mẽt de soymesme ⁊ de ses bõnes oeu¬

1838 2369 2102 218 ures. Car Dieu na nul sauue poͬ ses

1835 2537 2119 190 oeuures/ mais seulement par sa diui¬

1835 2674 2119 208 ne grace ⁊ misericorde. Comme ensei¬

1837 2805 2069 242 gne saĩct Paul. Uous estes sauuez ꝑ

1821 2961 2090 226 la grace de dieu et ce non poĩt de uoꝰ.

1821 3117 2095 226 Et si cest par grace/ ce nest point des

1817 3269 2112 223 oeures. Car autrement, grace ne seroit

1824 3417 2101 222 poĩt grace. Par ainsi ueult dieu q̃ nr̃e

1824 3564 2091 230 salut uiẽne ð sa grace ⁊ misericorde, ⁊

1813 3722 2087 219 poĩt de noz merites. Car si aucũ peut

1806 3873 2073 222 meriter le ciel par ses bõnes oeures/ ce

1799 4034 2058 208 nest point grace ou don de dieu/ mais

1803 4170 2047 219 cest debte et loyer. Et ainsi ne le nous

1792 4321 2051 223 dõne point Dieu de soymesme/ mais

1788 4476 2040 215 nous le gaignons comme seruãs qui

1799 4626 2026 255 seruẽt pour argent. Et cela ne se peut

3483 4838 320 190 aucu¬

1422 1224 402 201 Iehã.14.

1368 2762 463 220 Ephe.2.

1368 3101 436 199 Rom.11.
