4267 6096
1684 528 268 247 212

2633 514 735 200 Des riches.

1914 687 2102 220 a deshonneur/ et les ieunes paoures

1911 846 2105 217 filz/ pour apprendre un mestier/ pour

1908 999 2101 216 gaigner leurs despẽs/ ⁊ aussi pour dõ

1897 1158 2098 206 ner/ prester/ accroire tout ce dequoy ilz

1897 1303 2088 204 ont raisonnablem̃t besoing. Cecy noꝰ

1874 1449 2094 224 enseigne S. Iehan/ ou il dit. Celuy qͥ

1897 1605 2088 210 a les richesses de ce monde/ ⁊ uoit son

1901 1761 2088 203 frere auoir necessite/ ⁊ ferme son coeur

1894 1910 2091 203 cõtre luy (cestadire/ ⁊ nen a point de pi

1884 2055 2091 210 tie) cõment demeure la charite de dieu

1891 2208 2087 210 en luy? Cõme sil uouloit dire/ qͥ uoit

1891 2363 2084 204 son frere auoir indigence/ et ne layde

1897 2506 2075 210 point il nest point possible q̃ la chari¬

1881 2644 2087 221 te/ et lamour de Dieu soit en luy. Et

1841 2794 2100 223 S. Paul dit. Ne ueuillez oublier ho¬

1887 2943 2064 230 spitalite (cestadire de loger/ et ayder

1877 3108 2068 214 aux paoures) car aucũs ont par icelle

1874 3251 2064 216 receu les Anges en leur hostel/ sans le

1877 3403 2064 203 scauoir. Et pourtant nauras tu point

1887 3552 2054 203 uergõgne daucunesfoys appeller les

1881 3693 2055 218 paoures hors des rues/ ⁊ leur dõner a

1881 3845 2045 208 boire/ ⁊ a mãger. Car cest le conseil de

1886 3987 2030 224 Iesu Christ en lEuangile/ ou il def¬

1874 4148 2023 214 fend dinuiter les riches/ qͥ le noꝰ peu¬

1867 4297 2013 210 uent rẽdre/ ⁊ de faire grans conuiues.

1986 4450 1891 247 Mais aucun pourroit maintenant

3595 4626 261 220 dire.

1450 1429 386 223 1.Ieh.3.

1444 2753 371 244 Heb.13.

1429 3876 2497 193 Luce.13.egeNumerpuorerrrset¬.de
