4267 6817
1667 621 178 189 1

2535 621 924 204 Chapitre. 1.

1830 772 2194 277 quelle chose signifie le baptesme/ ⁊ q̃l¬

1822 946 1353 201 le chose il doibt croyre.

1937 1085 2062 272 Leaue du baptesme ne nous oste

1818 1249 2187 267 point le peche/ aultremẽt ce seroit une

1815 1431 2198 227 precieuse eaue: ⁊ nous fauldroit iour¬

1803 1579 2202 257 nellemẽt une fois lauer en icelle. Lea

1803 1745 2194 239 ue quon appelle des fons/ na nõ plus

1807 1908 2194 235 de uertu en elle mesme/ que leaue qui

1800 2064 2194 231 court/ en la riuiere du Rin. Car on

1788 2230 2198 227 peut aussi bien baptiser au Rin/ cõme

1792 2385 2186 239 aux fons. Quand sainct Philippe

1796 2545 2186 231 baptisa lEunuche/ seruiteur de Can¬

1788 2700 2183 235 dace Royne Degypte/ il nauoit point

1781 2874 2163 216 deaue qui eust este gardee dedãs une

1773 3022 2171 231 pierre/ ne chandelles/ ne sel, ne gresse/

1762 3169 2201 243 ne blãche robbe: mais le baptisa en la

1762 3340 2205 235 premiere eaue quil trouua sur le che¬

1765 3499 2195 231 min. Par ce peux tu bien cõcepuoir/

1765 3654 2183 239 que la uertu du baptesme, ne gist poĩt

1754 3809 2198 228 en leaue nõmee beneicte/ ou en aultres

1758 3961 2190 246 choses quon tient sur les fons. Mais

1754 4124 2190 238 en quoy donc? Elle gist en ta foy/ cest

1754 4283 2187 231 adire/ quand une personne est bapti¬

1750 4438 2198 239 see/ elle croyra certainemẽt que ses pe¬

1750 4601 2191 235 chez luy sont pardõnez/ ⁊ quelle est de

1755 4743 2188 290 lalliãce de Dieu/ ⁊ que Dieu est faict

3727 4965 221 306 son

1363 1062 455 221 Du ba¬

1369 1244 449 215 ptesme.

1455 2647 310 227 Act.8.

1272 4703 466 262 Gen.17.
