4267 6329
1660 675 200 207 d2

2487 664 707 183 De la foy.

1889 822 2082 204 point de laccõplir iusques a ce qͥl lin

1903 984 2082 197 seroit cõmãde/ mais feroit toutes cho

1899 1128 2097 211 ses de soymesme ꝑ charite/ laq̃lle il au

1889 1279 2110 208 roit uers son maistre. Regarde/ ce

1903 1434 2089 200 paoure hõe ainsi exalte/ na point des¬

1906 1589 2083 200 seruy ꝑ ses oeures/ ne par son seruice/

1903 1740 2096 200 q̃ cestuy riche ꝑsonnage le a ainsi enri

1892 1888 2100 200 chy/ mais le riche hõme la faict son he

1885 2039 2114 200 ritier de soymesme/ sans ce q̃ le paoure

1892 2194 2100 196 hõme leust aucunement desseruy/ ⁊ le

1896 2352 2093 190 seruice/ q̃ faict ap̃s ce paoure hõe, uiẽt

1889 2496 2100 193 de charite/ et gratitude. Car il scait/ et

1885 2637 2093 179 croit certainem̃t qͥl est heritier des biẽs

1889 2798 2096 183 de son seigneur/ aincois quil face au¬

1885 2935 2075 194 cun seruice. Et poͬce qͥl croit q̃ le riche

1878 3087 2086 190 luy tiendra ꝓmesse/ il cõmẽce a le ay¬

1874 3241 2090 183 mer par le moyẽ de ceste foy. Et quãd

1874 3386 2090 193 ainsi il layme/ il luy faict uoluntiers

1878 3537 2068 186 et de bon coeur tout le seruice qͥl peut/

1867 3695 2083 179 et accomplit ioyeusement ses cõman¬

1878 3846 2037 158 demens: et tout par charite. Et dau¬

1871 3987 2033 190 tant quil peut faire plus de labeur/ et

1874 4134 2016 201 seruice pour son bon seigneur: dautãt

1889 4282 1618 204 y prent il plus grand plaisir.

2061 4437 1755 190 Ainsi est ce dun bon Chrestien:

1864 4585 2016 253 Car quand il estoit encore ennemy de

3556 4743 320 214 Dieu
