4267 6342
1645 588 321 232 220

2248 577 1529 201 De deux gouuernemens.

1870 739 2132 201 nont q̃ faire du glaiue de iustice/ ne du

1870 894 2139 198 bras seculier. Et si tout le mõde estoit

1895 1039 2118 215 uray Chrestien (cestadire) uray fidele

1888 1204 2118 198 il ne seroit nul besoing de gouuerneͬ/

1892 1352 2131 205 Roy/ Seigñr/ glaiue/ ne iusticiers: car

1895 1504 2125 201 a quoy seruiroyẽt ilz ueu q̃ toꝰ urays

1892 1652 2138 201 Chrestiẽs ont le S. Esprit qͥ les gou¬

1892 1814 2138 194 uerne ⁊ enseigne de faire a nully tort/

1899 1969 2146 197 daymer tout le mõde/ ⁊ de uoluntiers

1899 2117 2149 208 et ioyeusemẽt souffrir ⁊ ẽdurer le mal,

1902 2269 2143 204 et iniure de tout le mõde/ mesmement

1909 2413 2128 197 aussi la mort? Et par tout ou on seuf¬

1923 2561 2118 190 fre uolũtiers tort ⁊ ĩiure/ ⁊ ou on faict

1927 2716 2114 187 droit il ny a point discord ne hayne/ ne

1934 2864 2107 183 enuie/ naucune dissentiõ. Et la nest il

1927 3019 2110 183 alors nul besoing de droit ou punitiõ.

1930 3163 2115 184 Pourtant est il impossible q̃ le glaiue

1934 3322 2107 187 de iustice eust quelque affaire entre les

1944 3466 2097 208 urays Chrestiẽs/ ueu qͥlz font beau¬

1937 3625 2100 194 coup plus deux mesmes quon ne leur

1944 3769 2083 194 scauroit cõmãder, ou mõstre toute loy

1966 3910 2041 201 ou doctrine. Cõe dit S. Paul a Timo

1923 4069 2079 201 thee. Au iuste nest mise aucune loy

1952 4217 2026 204 mais a liniuste. Et ce se faict aĩsi/ poͬ

1952 4379 2029 187 ce que le iugemẽt/ ⁊ le droit dun uray

1955 4523 2040 247 Chrestiẽ/ faict ⁊ auãce plus q̃ tous au

3741 4693 261 204 tres

1480 3879 439 243 1.timo.1.
