4267 6154
2427 588 181 294 153

933 601 940 199 Chapitre .xuiii.

355 762 2048 208 leur reigle, ⁊ par tel moyen conceoiuẽt

359 923 2034 194 ilz esprit/ ⁊ couraige, ⁊ apprehendent

359 1063 2034 201 ceste uie, par ce qͥlz ne cõsiderent point

365 1213 2028 199 quelle chose leur est promise, silz gar¬

359 1360 2027 192 dent biẽ les promesses faictes au ba¬

359 1507 2037 195 ptesme. Et apres quilz sont entrez au

355 1658 2034 184 cloistre, il ne oyent autre chose, ⁊ on ne

331 1798 2048 198 leur apprend autre chose que oeuures

335 1948 2044 185 exteriores, cõme lire, chanter, ueiller,

331 2102 2041 181 ieuner/ ⁊ autres ceremonies sembla¬

331 2242 2045 188 bles/ ⁊ ne scaiuẽt autre chose, ⁊ cuidẽt

345 2393 2034 181 que en ces choses icy gist uraye debon

341 2523 2031 191 nairete ⁊ uray salut, ⁊ qͥlz ont le prin¬

355 2670 2010 195 cipal, ⁊ que alors ilz accõplissent leur

345 2813 2027 199 reigle, ⁊ cuident estre certains destre

345 2964 2010 201 sauuez apres quilz auront accomply,

345 3114 2017 181 ⁊ obserue toutes ces besongnes exte¬

338 3261 2027 192 rieuremẽt. Et pourtant quilz cuident

352 3398 2007 205 cela, ilz demeurẽt pendãtz, ⁊ soy fiãtz

352 3552 1996 195 en telles choses: ⁊ ainsi ne paruiennẽt

345 3702 2010 188 ilz iamais a lesprit, ⁊ ne experimentẽt

345 3842 2031 199 iamais q̃ cest dun coeur spirituel: car

331 3986 2017 205 ilz ne scaiuent quelles choses ilz doib¬

331 4133 2014 212 uent querit par dedãs. Ilz cuidẽt que

321 4283 2007 206 tout gist es oeures exterieures, ⁊ poͬ¬

321 4437 2017 233 tant qͥlz ne paruiennẽt point iusques

1572 4591 756 233 K 5 a les¬
