4267 6631
1663 508 205 376 50

2597 622 774 232 De la foy.

1912 799 2200 258 ue la personne/ ⁊ le faict oblier Dieu.

1905 972 2207 236 Mais aduersite signifie cõmunemẽt:

1908 1130 2211 240 que Dieu ayme la ꝑsonne. Et la per¬

1908 1289 2196 232 sonne est admonestee: par tribulatiõ ⁊

1916 1447 2181 229 souffrance de inuocquer le secours de

1901 1606 2192 210 Dieu. Car cõme dit sainct Paul. Ce¬

1890 1746 2200 246 luy q̃ Dieu ayme/ il le chastie, ⁊ flagel

1886 1919 2182 225 le tout enfant quil receoit. Car qui est

1868 2072 2222 226 lẽfant/ leq̃l le pere ne redargue point?

1862 2221 2222 237 Et si uous estes hors de la discipline,

1860 2398 2182 210 et chastiemẽt: duquel tous les enfans

1853 2534 2185 225 de Dieu ont estez participans/ uous

1860 2696 2156 229 estes donc bastards/ ⁊ non point filz.

1857 2845 2172 243 Et en Lapocalypse ꝑle Dieu/ et dit.

1875 3006 2145 224 Ie redargue/ ⁊ chastie: ceux q̃ iayme.

1886 3160 2115 232 Item Salomon es ꝓuerbes. Celuy q̃

1820 3319 2178 221 le seigñr Dieu ayme, il le reprẽt. Poͬ¬

1827 3481 2167 217 tant ne sera nul triste/ quand tribula¬

1816 3621 2163 236 tion ou maladie/ ou peste/ ou aussi la

1801 3768 2173 243 mort luy aduiẽt/ mais accordera tous

1801 3941 2126 218 iours sa uolũte, a la uolũte de Dieu/

1798 4092 2129 229 et lẽdurera patiẽment/ ⁊ ioyeusemẽt/

1801 4240 2104 239 sachãt de uray: q̃ cest tout la bonne/ ⁊

1787 4398 2111 240 saincte uolũte de Dieu nr̃e tresbõ pe¬

1776 4556 2118 233 re: ⁊ le remerciera/ pourtãt qͥ luy plaist

1776 4704 2100 276 de le faire digne de souffrir q̃lqͥ tribu¬

3452 4917 413 262 lation/

1420 1641 486 337 Hebre.11.

1448 2840 403 210 Apoc.3.

1389 3105 431 276 Prou.3.
