4267 6371
1713 637 199 219 22

2570 622 875 206 Du baptesme.

1972 814 2142 173 messe recepuons nous nostre nom, ⁊

1979 966 2146 184 Dieu noꝰ escript cõme en rolle, pour

1986 1122 2135 187 ses champions ⁊ seruiteurs. Et ainsi

1990 1270 2124 174 sommes nous faictz propres a Dieu.

1975 1419 2132 191 Car il est nostre pere/ ⁊ nous sommes

1986 1564 2125 195 ses enfans. Ce baptesme noꝰ estoit

1986 1720 2125 194 figure, quand les enfans Disrael al¬

1971 1863 2125 191 loyẽt par la mer rouge hors Egypte:

1986 2035 2103 187 ⁊ quand Pharao auec toute sa com¬

1986 2183 2111 184 paignie fut noye en la mer. Les en¬

1986 2325 2107 195 fans Disrael alloyent en la mer tout

1986 2481 2107 177 ainsi cõme silz fussẽt allez en la mort.

1986 2633 2107 173 Mais pource quilz creurẽt Moyse, ilz

1979 2782 2121 184 ont par leur foy passe leaue ⁊ sont al¬

1979 2923 2114 195 lez hors de la mort en la uie. Quand

1979 3082 2121 188 ilz sont arriuez a terre, Pharao les a

1990 3235 2096 187 suiuy, ⁊ il a este noye auec son peuple.

2092 3373 1990 194 Ainsi faict chascun, quãd il est ba¬

1972 3528 2103 191 ptise. Premierement il fuyt arriere de

1990 3681 2082 173 Pharao, quãd il cõmence a recõgnoi¬

1979 3829 2082 188 stre sa subiection ⁊ seruitude/ par la¬

1979 3974 2047 195 quelle il estoit subiect ⁊ serf au diable,

1968 4123 2061 202 ⁊ quãd il desire destre affrãchy de son

1975 4279 2068 184 peche/ ⁊ de Pharao, cestadire, du dia¬

1965 4424 2089 202 ble. Mais il ne peut eschapper de Pha

1954 4580 2100 230 rao sans passer la mer rouge. Cestadi

3870 4753 180 234 re,

1509 1836 446 239 Exo.12.

1515 2049 269 141 et.13.
