4267 6371
1588 552 202 270 32

2358 580 882 205 Du baptesme.

1837 757 2139 188 a aussi bien souffert la mort pour le cõ

1837 934 2136 166 mun mesnagier comme pour les clers

1837 1065 2139 180 Dieu requerra toutesfois les escriptu

1841 1231 2121 174 res aux sages. Car ilz sont pasteurs/

1848 1373 2125 173 affin qͥlz estudiẽt ⁊ facẽt diligẽce de de

1848 1529 2025 194 clairer les escriptures aux simples.

1912 1681 2054 184 Pourtant seroit il bon que le cõmun

1844 1822 2132 191 peuple entendist les Euangiles/ et la

1851 1985 2118 188 doctrine des apostres selon la lettre/ ⁊

1841 2130 2114 195 les sceust par coeur auec les autres

1851 2279 2111 195 hystoires de lãcien testamẽt/ car ainsi

1841 2424 2117 205 entẽdroit il plꝰ facilem̃t les p̃scheurs.

1851 2573 2097 198 Et seroit aussi bon que chascun fist

1848 2732 2093 191 apprẽdre ses enfans a lire/ comme on

1859 2874 2068 194 souloit faire par cy deuãt. Les Iuifz

1848 3029 2086 206 auoiẽt leur loy en hebreu/ laquelle un

1851 3178 2086 205 chascun pouoit entẽdre selon la lettre.

1851 3348 2076 173 Apres ce les payens ont este cõuertyz

1855 3507 2068 177 par sainct Paul ausquelz il escript en

1855 3656 2064 170 grec/ lequel entẽdoiẽt tous. Apres ont

1859 3783 2060 191 este cõuertyz Italie ⁊ Afriq̃. La par¬

1851 3932 2037 177 loient tant les femmes cõme les hom

1855 4102 2026 180 mes le latin/ ⁊ poͬ ceste cause fut trãs¬

1859 4236 2029 198 latee la Bible en latin: affin q̃ chascũ

1859 4388 2039 195 le peust entendre/ ⁊ on preschoit en la¬

1866 4541 2029 226 tin/ et les Propheties estoient leuez

3633 4707 248 234 aux
