4267 6154
2379 430 205 339 131

888 536 944 216 Chapitre .xu.

314 707 2038 212 marbreau tu mettras sur ton tõbeau.

317 871 2035 202 Car cest tout orgueil et uaine gloire,

324 1011 2035 206 et ne te prouffite rien: mais cest pe¬

324 1162 2035 185 che deuant Dieu. Car cest tout un de¬

331 1309 2024 198 uant Dieu si tu es ensepuely en la cy¬

324 1456 2031 195 metiere, ou en lesglise/ ou en un autre

324 1620 2021 174 lieu. Et toutes les pompes ⁊ ceremo¬

317 1736 2042 202 nies auec lesquelles on ensepuelit les

317 1894 2042 191 mortz, est plus instituee pour confor¬

311 2037 2024 192 ter les uiuãs, que pour ayder les tres¬

321 2181 2014 201 passez: car elles ne prouffitent ou ay¬

321 2331 2014 185 dent du tout rien les trespassez: mais

294 2468 2044 195 par insatiable auarice les p̃bstres ont

335 2612 2020 184 este tant meschantz de uẽdre la terre/

331 2759 2017 191 cõbien quelle ne leur appartienne riẽ/

338 2902 2021 185 contre toute charite. Toute la meil

328 3056 2020 178 leure p̃paration a la mort est de ne riẽ

331 3206 2004 178 aymer en ce mõde/ de ne mettre sõ coeͬ

341 3350 2011 164 a nulle chose du monde: mais de telle¬

348 3487 2031 198 ment traicter ⁊ user toutes choses tem

359 3644 1996 188 porelles, quõ soit tousioͬ prest de tout

341 3791 2014 178 laisser/ ⁊ de mieux aymer destre auec

321 3938 2038 188 Dieu que icy. Et ueux tu scauoir

338 4085 2014 185 qui meurt salutairement/ Il me sem¬

348 4225 2011 195 ble selon lescripture que quand un hõ

348 4379 2028 209 me ou une femme conuerse amyable¬

1589 4536 804 223 I 2 ment
