<?xml version="1.0" encoding="UTF-8"?>
<alto xmlns:xsi="http://www.w3.org/2001/XMLSchema-instance"
      xmlns="http://www.loc.gov/standards/alto/ns-v4#"
      xsi:schemaLocation="http://www.loc.gov/standards/alto/ns-v4# http://www.loc.gov/standards/alto/v4/alto-4-2.xsd">
  <Description>
    <MeasurementUnit>pixel</MeasurementUnit>
    <sourceImageInformation>
      <fileName>La_somme_de_lescripture_saincte_...Luther_Martin_bpt6k328613m.pdf_page_130.png</fileName>
      <fileIdentifier>pdf//La_somme_de_lescripture_saincte_...Luther_Martin_bpt6k328613m.pdf</fileIdentifier>
    </sourceImageInformation>
  </Description>
  <Tags>
    <OtherTag ID="BT7" LABEL="CustomZone" DESCRIPTION="block type CustomZone"/><OtherTag ID="BT8" LABEL="DamageZone" DESCRIPTION="block type DamageZone"/><OtherTag ID="BT9" LABEL="DigitizationArtefactZone" DESCRIPTION="block type DigitizationArtefactZone"/><OtherTag ID="BT10" LABEL="DropCapitalZone" DESCRIPTION="block type DropCapitalZone"/><OtherTag ID="BT11" LABEL="GraphicZone" DESCRIPTION="block type GraphicZone"/><OtherTag ID="BT12" LABEL="MainZone" DESCRIPTION="block type MainZone"/><OtherTag ID="BT13" LABEL="MarginTextZone" DESCRIPTION="block type MarginTextZone"/><OtherTag ID="BT14" LABEL="MusicZone" DESCRIPTION="block type MusicZone"/><OtherTag ID="BT15" LABEL="NumberingZone" DESCRIPTION="block type NumberingZone"/><OtherTag ID="BT17" LABEL="QuireMarksZone" DESCRIPTION="block type QuireMarksZone"/><OtherTag ID="BT18" LABEL="RunningTitleZone" DESCRIPTION="block type RunningTitleZone"/><OtherTag ID="BT19" LABEL="SealZone" DESCRIPTION="block type SealZone"/><OtherTag ID="BT20" LABEL="StampZone" DESCRIPTION="block type StampZone"/><OtherTag ID="BT21" LABEL="TableZone" DESCRIPTION="block type TableZone"/><OtherTag ID="BT22" LABEL="TitlePageZone" DESCRIPTION="block type TitlePageZone"/><OtherTag ID="BT3120" LABEL="text" DESCRIPTION="block type text"/>
    <OtherTag ID="LT7" LABEL="CustomLine" DESCRIPTION="line type CustomLine"/><OtherTag ID="LT8" LABEL="DefaultLine" DESCRIPTION="line type DefaultLine"/><OtherTag ID="LT9" LABEL="DropCapitalLine" DESCRIPTION="line type DropCapitalLine"/><OtherTag ID="LT10" LABEL="HeadingLine" DESCRIPTION="line type HeadingLine"/><OtherTag ID="LT11" LABEL="InterlinearLine" DESCRIPTION="line type InterlinearLine"/><OtherTag ID="LT12" LABEL="MusicLine" DESCRIPTION="line type MusicLine"/><OtherTag ID="LT958" LABEL="default" DESCRIPTION="line type default"/>
  </Tags>
  <Layout>
    <Page WIDTH="4267"
          HEIGHT="6633"
          PHYSICAL_IMG_NR="129"
          ID="eSc_dummypage_">
      <PrintSpace HPOS="0"
                  VPOS="0"
                  WIDTH="4267"
                  HEIGHT="6633">
        <TextBlock HPOS="1529"
                   VPOS="700"
                   WIDTH="383"
                   HEIGHT="221"
                   ID="eSc_textblock_c1520799"
                   TAGREFS="BT15">
          <Shape><Polygon POINTS="1529 700 1529 921 1912 921 1912 700"/></Shape>
          <TextLine ID="eSc_line_8e498d6e"
                    TAGREFS="LT8"
                    BASELINE="1578 858 1891 862" 
                    HPOS="1574"
                    VPOS="707"
                    WIDTH="317"
                    HEIGHT="221">
            <Shape><Polygon POINTS="1762 707 1725 707 1689 707 1604 725 1593 714 1585 714 1578 858 1574 913 1740 928 1744 928 1748 928 1803 899 1884 899 1891 862 1888 729 1792 707 1762 707"/></Shape>
            <String CONTENT="126"
                    HPOS="1574"
                    VPOS="707"
                    WIDTH="317"
                    HEIGHT="221"
                    WC="0.9999906619389852"></String>
          </TextLine>
        </TextBlock>
        <TextBlock HPOS="1988"
                   VPOS="707"
                   WIDTH="1705"
                   HEIGHT="237"
                   ID="eSc_textblock_feada146"
                   TAGREFS="BT18">
          <Shape><Polygon POINTS="1988 707 1988 944 3693 944 3693 707"/></Shape>
          <TextLine ID="eSc_line_7922341f"
                    TAGREFS="LT10"
                    BASELINE="2054 865 3606 884" 
                    HPOS="2050"
                    VPOS="718"
                    WIDTH="1556"
                    HEIGHT="229">
            <Shape><Polygon POINTS="3455 748 3418 744 3381 744 3345 744 3308 744 3271 740 3234 740 3197 740 3160 740 3123 740 3086 737 3079 737 3049 737 3013 737 2976 737 2946 733 2924 751 2898 733 2865 733 2828 733 2791 729 2754 729 2732 729 2588 737 2570 725 2533 725 2518 725 2507 737 2363 751 2279 751 2234 718 2201 718 2183 718 2124 748 2054 748 2054 865 2050 902 2389 935 2393 935 2397 935 2459 913 2673 939 2677 939 2681 939 2729 917 3002 943 3005 947 3094 947 3094 943 3097 943 3101 943 3101 939 3120 921 3179 943 3182 943 3186 943 3297 924 3345 947 3348 947 3352 947 3485 928 3566 947 3569 947 3573 947 3577 947 3581 947 3603 924 3606 884 3603 766 3533 766 3514 748 3492 748"/></Shape>
            <String CONTENT="En quoy gist Chrestiente."
                    HPOS="2050"
                    VPOS="718"
                    WIDTH="1556"
                    HEIGHT="229"
                    WC="0.9983369874954223"></String>
          </TextLine>
        </TextBlock>
        <TextBlock HPOS="1690"
                   VPOS="891"
                   WIDTH="2333"
                   HEIGHT="4053"
                   ID="eSc_textblock_e869f324"
                   TAGREFS="BT12">
          <Shape><Polygon POINTS="1774 891 1690 4906 3923 4944 4023 944"/></Shape>
          <TextLine ID="eSc_line_934b7e51"
                    TAGREFS="LT8"
                    BASELINE="1825 1046 2891 1057 3920 1087" 
                    HPOS="1821"
                    VPOS="902"
                    WIDTH="2099"
                    HEIGHT="236">
            <Shape><Polygon POINTS="3853 972 3817 961 3780 947 3743 935 3713 924 3654 950 3584 924 3581 924 3577 924 3381 947 3333 917 3330 917 3326 917 3322 917 3164 943 3134 917 3134 913 3131 913 3127 913 3123 913 2961 939 2917 910 2913 910 2909 910 2681 906 2677 906 2673 906 2670 906 2633 932 2574 902 2570 902 2566 902 2441 928 2260 902 2257 902 1825 917 1825 1046 1821 1087 1847 1101 1851 1101 1855 1101 1858 1101 1984 1083 2242 1109 2245 1109 2378 1090 2526 1112 2529 1112 2533 1112 2566 1098 2581 1112 2581 1116 2585 1116 2588 1116 2592 1116 2799 1101 2843 1120 2847 1120 2850 1120 2854 1120 2898 1101 3068 1123 3072 1123 3075 1123 3145 1105 3201 1127 3204 1127 3208 1127 3525 1112 3555 1131 3558 1131 3562 1131 3566 1131 3651 1116 3912 1138 3920 1087 3887 980 3853 972"/></Shape>
            <String CONTENT="qui croyent en Iesꝰ Christ ⁊ le aymẽt,"
                    HPOS="1821"
                    VPOS="902"
                    WIDTH="2099"
                    HEIGHT="236"
                    ></String>
          </TextLine>
          <TextLine ID="eSc_line_1408705a"
                    TAGREFS="LT8"
                    BASELINE="1947 1193 3938 1234" 
                    HPOS="1943"
                    VPOS="1064"
                    WIDTH="1995"
                    HEIGHT="218">
            <Shape><Polygon POINTS="3938 1131 3931 1123 3581 1123 3522 1094 3518 1094 3514 1094 3510 1094 3507 1094 3481 1116 3396 1094 3392 1094 3389 1094 3215 1112 3164 1087 3160 1087 3156 1087 3038 1109 3009 1087 3009 1083 3005 1083 3002 1083 2998 1083 2839 1098 2821 1083 2821 1079 2817 1079 2813 1079 2810 1079 2681 1101 2644 1079 2640 1079 2636 1079 2633 1079 2504 1094 2489 1076 2485 1076 2485 1072 2482 1072 2478 1072 2474 1072 2345 1087 1947 1064 1947 1193 1943 1223 2054 1252 2057 1252 2304 1234 2563 1263 2566 1263 2570 1263 2644 1241 2817 1263 2821 1263 2824 1263 2869 1249 2891 1271 2895 1271 2898 1271 2902 1271 2906 1271 2998 1249 3046 1275 3049 1275 3053 1275 3201 1252 3352 1278 3356 1282 3935 1282 3938 1234 3938 1138 3938 1131"/></Shape>
            <String CONTENT="Nul ne se doibt aussi desconforter."
                    HPOS="1943"
                    VPOS="1064"
                    WIDTH="1995"
                    HEIGHT="218"
                    WC="0.9979505232402257"></String>
          </TextLine>
          <TextLine ID="eSc_line_ae62b061"
                    TAGREFS="LT8"
                    BASELINE="1818 1348 3949 1381" 
                    HPOS="1814"
                    VPOS="1216"
                    WIDTH="2135"
                    HEIGHT="221">
            <Shape><Polygon POINTS="1818 1348 1814 1396 2054 1389 2282 1389 2316 1415 2319 1415 2323 1415 2327 1415 2496 1396 2622 1418 2625 1418 2629 1418 2703 1400 2791 1422 2795 1422 2799 1422 2913 1403 3057 1426 3061 1426 3167 1407 3190 1426 3193 1426 3197 1426 3201 1426 3411 1411 3551 1433 3555 1437 3946 1437 3949 1381 3949 1275 3890 1256 3887 1256 3883 1256 3879 1256 3806 1275 3075 1267 3005 1230 3002 1230 2998 1230 2994 1230 2891 1260 2821 1234 2817 1234 2813 1234 2810 1234 2806 1234 2765 1260 2677 1227 2673 1227 2670 1227 2552 1249 2290 1219 2172 1219 2168 1219 2164 1219 2083 1249 1925 1216 1921 1216 1917 1216 1914 1216 1869 1245 1818 1245 1818 1348"/></Shape>
            <String CONTENT="quand il fauldra aller mourir, mais"
                    HPOS="1814"
                    VPOS="1216"
                    WIDTH="2135"
                    HEIGHT="221"
                    WC="0.9917934213365828"></String>
          </TextLine>
          <TextLine ID="eSc_line_005a7b6b"
                    TAGREFS="LT8"
                    BASELINE="1810 1503 3957 1540" 
                    HPOS="1807"
                    VPOS="1370"
                    WIDTH="2150"
                    HEIGHT="214">
            <Shape><Polygon POINTS="1810 1503 1807 1532 1899 1555 1903 1555 2142 1540 2172 1558 2175 1558 2179 1558 2183 1558 2386 1544 2607 1544 2677 1569 2681 1569 2684 1569 2688 1569 2743 1555 3057 1573 3061 1573 3064 1573 3068 1573 3068 1569 3086 1555 3190 1577 3193 1577 3297 1558 3411 1580 3415 1584 3953 1584 3957 1540 3957 1437 3809 1407 3806 1407 3544 1426 3525 1403 3522 1403 3522 1400 3518 1400 3514 1400 3510 1400 3400 1422 3308 1392 3304 1392 3300 1392 2880 1415 2600 1381 2596 1381 2397 1403 2375 1385 2375 1381 2371 1381 2367 1381 2190 1374 2186 1374 2183 1374 2102 1400 2021 1370 2017 1370 2013 1370 1810 1396 1810 1503"/></Shape>
            <String CONTENT="il fault certainement croire quon sera"
                    HPOS="1807"
                    VPOS="1370"
                    WIDTH="2150"
                    HEIGHT="214"
                    WC="0.9993926663147775"></String>
          </TextLine>
          <TextLine ID="eSc_line_940f8714"
                    TAGREFS="LT8"
                    BASELINE="1818 1654 3949 1687" 
                    HPOS="1814"
                    VPOS="1521"
                    WIDTH="2135"
                    HEIGHT="225">
            <Shape><Polygon POINTS="1818 1654 1814 1709 1958 1695 2257 1720 2260 1720 2264 1720 2327 1702 2389 1724 2393 1724 2397 1724 2570 1709 2636 1728 2640 1728 2644 1728 2647 1728 2721 1706 2839 1731 2843 1731 3020 1717 3156 1735 3160 1735 3164 1735 3234 1713 3319 1735 3322 1735 3326 1735 3437 1717 3466 1739 3466 1743 3470 1743 3474 1743 3477 1743 3481 1743 3525 1720 3713 1746 3717 1746 3721 1746 3724 1746 3724 1743 3743 1728 3942 1735 3949 1687 3949 1580 3735 1580 3706 1555 3702 1555 3699 1555 3695 1555 3477 1573 3411 1544 3407 1544 3404 1544 3075 1566 3035 1540 3031 1540 3027 1540 2928 1540 2924 1540 2810 1562 2636 1532 2633 1532 2629 1532 2577 1555 2522 1529 2518 1529 2515 1529 2408 1544 2290 1525 2286 1525 2282 1525 2205 1551 2050 1521 2046 1521 1932 1544 1869 1521 1866 1521 1862 1521 1858 1521 1818 1540 1818 1654"/></Shape>
            <String CONTENT="sauue. Et Iasoit quõ ne lait poĩt me¬"
                    HPOS="1814"
                    VPOS="1521"
                    WIDTH="2135"
                    HEIGHT="225"
                    WC="0.9939534587737842"></String>
          </TextLine>
          <TextLine ID="eSc_line_3ce09437"
                    TAGREFS="LT8"
                    BASELINE="1803 1805 3942 1846" 
                    HPOS="1799"
                    VPOS="1684"
                    WIDTH="2143"
                    HEIGHT="213">
            <Shape><Polygon POINTS="1803 1805 1799 1838 2035 1864 2039 1864 2168 1849 2198 1868 2201 1868 2205 1868 2209 1868 2747 1860 2777 1879 2780 1879 2784 1879 2788 1879 3547 1875 3935 1897 3942 1846 3938 1731 3617 1739 3592 1717 3588 1717 3584 1717 3581 1717 3411 1731 3385 1713 3381 1713 3378 1713 3374 1713 3223 1735 3186 1709 3182 1709 3179 1709 3079 1709 3075 1709 2972 1731 2456 1706 2452 1706 2448 1706 2397 1720 2371 1695 2371 1691 2367 1691 2363 1691 2360 1691 2065 1702 1998 1684 1995 1684 1991 1684 1803 1706 1803 1805"/></Shape>
            <String CONTENT="rite par bonnes oeuures, on le croira"
                    HPOS="1799"
                    VPOS="1684"
                    WIDTH="2143"
                    HEIGHT="213"
                    WC="0.9806341464455063"></String>
          </TextLine>
          <TextLine ID="eSc_line_99e9f93b"
                    TAGREFS="LT8"
                    BASELINE="1799 1960 3942 1993" 
                    HPOS="1796"
                    VPOS="1849"
                    WIDTH="2146"
                    HEIGHT="196">
            <Shape><Polygon POINTS="1799 1960 1796 1993 1899 2015 1903 2015 2024 2000 2113 2019 2116 2019 3219 2019 3935 2045 3942 1993 3942 1894 3702 1868 3699 1868 3588 1886 3463 1868 3459 1868 3234 1883 3197 1860 3193 1860 3190 1860 3186 1860 2994 1879 2968 1857 2965 1857 2961 1857 2957 1857 2872 1875 2806 1857 2802 1857 2799 1857 2795 1857 2791 1857 2758 1875 2456 1871 2437 1853 2437 1849 2434 1849 2430 1849 2426 1849 1799 1857 1799 1960"/></Shape>
            <String CONTENT="neantmoins certainement, a cause de"
                    HPOS="1796"
                    VPOS="1849"
                    WIDTH="2146"
                    HEIGHT="196"
                    WC="0.9767932840756007"></String>
          </TextLine>
          <TextLine ID="eSc_line_298b4826"
                    TAGREFS="LT8"
                    BASELINE="1799 2115 3946 2148" 
                    HPOS="1796"
                    VPOS="1982"
                    WIDTH="2150"
                    HEIGHT="225">
            <Shape><Polygon POINTS="1799 2115 1796 2148 1965 2177 1969 2177 1973 2177 2032 2155 2271 2155 2327 2185 2330 2185 2334 2185 2603 2170 2751 2192 2754 2192 2758 2192 2850 2170 2990 2196 2994 2196 3164 2177 3297 2199 3300 2199 3415 2177 3713 2207 3717 2207 3942 2181 3946 2148 3946 2037 3230 2000 3226 2000 3223 2000 3175 2026 2998 2026 2939 2000 2935 2000 2931 2000 2928 2000 2854 2019 2751 1993 2747 1993 2743 1993 2043 2008 1851 1982 1847 1982 1843 1982 1799 2000 1799 2115"/></Shape>
            <String CONTENT="la promesse de Dieu: car Dieu la pro"
                    HPOS="1796"
                    VPOS="1982"
                    WIDTH="2150"
                    HEIGHT="225"
                    ></String>
          </TextLine>
          <TextLine ID="eSc_line_de6a4701"
                    TAGREFS="LT8"
                    BASELINE="1812 2265 2795 2288 3924 2292" 
                    HPOS="1811"
                    VPOS="2129"
                    WIDTH="2113"
                    HEIGHT="236">
            <Shape><Polygon POINTS="1903 2129 1910 2129 1987 2163 2006 2144 2017 2144 2179 2166 2304 2148 2312 2148 2363 2174 2710 2174 2928 2144 2935 2144 3079 2185 3363 2185 3437 2155 3451 2155 3485 2177 3665 2159 3676 2159 3735 2196 3806 2196 3853 2163 3865 2163 3924 2177 3924 2292 3916 2365 3651 2339 3566 2362 3555 2362 3481 2343 3396 2358 3389 2358 3345 2336 3297 2358 3289 2358 3116 2336 2647 2347 2640 2347 2585 2325 2308 2336 2301 2336 2260 2317 1903 2336 1891 2336 1858 2310 1811 2309 1815 2144"/></Shape>
            <String CONTENT="mis a tous ceux qͥ le croyent ⁊ si nous"
                    HPOS="1811"
                    VPOS="2129"
                    WIDTH="2113"
                    HEIGHT="236"
                    WC="0.9932390130483187"></String>
          </TextLine>
          <TextLine ID="eSc_line_6e0546e0"
                    TAGREFS="LT8"
                    BASELINE="1788 2421 3938 2454" 
                    HPOS="1784"
                    VPOS="2295"
                    WIDTH="2154"
                    HEIGHT="214">
            <Shape><Polygon POINTS="1788 2421 1784 2457 2076 2483 2080 2483 2257 2468 2363 2487 2367 2487 2493 2472 2537 2491 2541 2491 2544 2491 2714 2476 2736 2494 2740 2494 2743 2494 2747 2494 2976 2480 3013 2498 3016 2498 3020 2498 3455 2487 3492 2505 3496 2505 3931 2509 3938 2454 3938 2347 3872 2321 3868 2321 3865 2321 3861 2321 3776 2347 3680 2317 3676 2317 3673 2317 3536 2343 3503 2317 3499 2317 3496 2317 3492 2317 3488 2317 3440 2343 3230 2343 3134 2310 3131 2310 3127 2310 2751 2332 2541 2328 2489 2299 2485 2299 2482 2299 2327 2325 2242 2295 2238 2295 2234 2295 2231 2295 2161 2321 1788 2303 1788 2421"/></Shape>
            <String CONTENT="le croyõs il le nous doibt, a cause de sa"
                    HPOS="1784"
                    VPOS="2295"
                    WIDTH="2154"
                    HEIGHT="214"
                    WC="0.9943015830857413"></String>
          </TextLine>
          <TextLine ID="eSc_line_d782a831"
                    TAGREFS="LT8"
                    BASELINE="1788 2583 3924 2608" 
                    HPOS="1784"
                    VPOS="2450"
                    WIDTH="2140"
                    HEIGHT="214">
            <Shape><Polygon POINTS="1788 2583 1784 2623 2080 2620 2153 2645 2157 2645 2161 2649 2404 2649 2404 2645 2515 2627 2537 2645 2541 2645 2544 2645 2548 2645 2644 2627 2699 2653 2703 2653 2706 2653 2928 2631 3002 2656 3005 2656 3009 2656 3013 2656 3016 2656 3046 2634 3105 2656 3108 2656 3112 2656 3333 2638 3356 2656 3356 2660 3359 2660 3363 2660 3367 2660 3536 2638 3621 2664 3625 2664 3628 2664 3798 2642 3916 2664 3924 2608 3920 2502 3794 2472 3791 2472 3676 2498 3311 2465 3308 2465 3304 2465 3223 2491 3167 2465 3164 2465 3160 2465 3156 2465 3153 2465 3112 2491 2887 2472 2884 2472 2880 2472 2824 2487 2773 2461 2769 2461 2765 2461 2459 2483 2375 2454 2371 2454 2205 2454 2201 2454 2198 2454 2194 2454 2194 2457 2179 2472 2150 2457 2146 2457 2142 2457 2139 2457 2135 2457 2113 2476 2080 2450 2076 2450 2072 2450 2068 2450 1788 2472 1788 2583"/></Shape>
            <String CONTENT="promesse, pourtant quil est ueritable."
                    HPOS="1784"
                    VPOS="2450"
                    WIDTH="2140"
                    HEIGHT="214"
                    WC="0.9930786270844308"></String>
          </TextLine>
          <TextLine ID="eSc_line_28700aec"
                    TAGREFS="LT8"
                    BASELINE="1917 2723 3905 2756" 
                    HPOS="1914"
                    VPOS="2597"
                    WIDTH="1991"
                    HEIGHT="210">
            <Shape><Polygon POINTS="1917 2723 1914 2752 2157 2782 2161 2782 2164 2782 2168 2782 2194 2763 2356 2785 2360 2785 2574 2767 2799 2793 2802 2793 3038 2778 3145 2796 3149 2796 3153 2796 3156 2796 3179 2778 3238 2800 3241 2800 3245 2800 3249 2800 3322 2782 3415 2800 3418 2800 3422 2800 3463 2782 3898 2807 3905 2756 3905 2645 3876 2627 3872 2627 3868 2627 3865 2627 3861 2627 3820 2645 3621 2627 3617 2627 3466 2645 3341 2620 3337 2620 3333 2620 3263 2642 2909 2616 2906 2616 2799 2634 2577 2605 2574 2605 2139 2623 2013 2597 2009 2597 2006 2597 2002 2597 2002 2601 1980 2620 1917 2620 1917 2723"/></Shape>
            <String CONTENT="Mais si Dieu nous eust promis le"
                    HPOS="1914"
                    VPOS="2597"
                    WIDTH="1991"
                    HEIGHT="210"
                    WC="0.9975382220000029"></String>
          </TextLine>
          <TextLine ID="eSc_line_51047cf1"
                    TAGREFS="LT8"
                    BASELINE="1788 2874 2718 2874 3890 2907" 
                    HPOS="1784"
                    VPOS="2741"
                    WIDTH="2106"
                    HEIGHT="221">
            <Shape><Polygon POINTS="1788 2874 1784 2914 2057 2933 2061 2933 2065 2933 2068 2933 2105 2911 2264 2911 2290 2933 2290 2936 2293 2936 2297 2936 2470 2940 2474 2940 2478 2940 2482 2940 2482 2936 2507 2914 2566 2914 2611 2944 2614 2944 2618 2944 2622 2944 2625 2944 2688 2918 2824 2918 2976 2948 2979 2948 2983 2948 3042 2925 3068 2948 3068 2951 3072 2951 3075 2951 3079 2951 3219 2925 3256 2955 3260 2955 3263 2955 3267 2955 3415 2929 3499 2959 3503 2959 3507 2959 3628 2940 3680 2962 3684 2962 3687 2962 3887 2959 3890 2907 3890 2796 3724 2796 3684 2771 3680 2771 3676 2771 3673 2771 3396 2785 3378 2771 3378 2767 3374 2767 3370 2767 3367 2767 3260 2785 3230 2763 3226 2763 3223 2763 3219 2763 3116 2782 2987 2763 2983 2763 2622 2774 2404 2749 2400 2749 2242 2767 2198 2745 2194 2745 2190 2745 2186 2745 2139 2763 2017 2745 2013 2745 1947 2760 1928 2745 1928 2741 1925 2741 1921 2741 1917 2741 1788 2760 1788 2874"/></Shape>
            <String CONTENT="ciel par noz oeuures, noꝰ seriõs tous¬"
                    HPOS="1784"
                    VPOS="2741"
                    WIDTH="2106"
                    HEIGHT="221"
                    WC="0.9882249541771717"></String>
          </TextLine>
          <TextLine ID="eSc_line_3c824863"
                    TAGREFS="LT8"
                    BASELINE="1784 3018 3879 3051" 
                    HPOS="1781"
                    VPOS="2892"
                    WIDTH="2098"
                    HEIGHT="214">
            <Shape><Polygon POINTS="1784 3018 1781 3051 1829 3069 1832 3069 1836 3069 2245 3058 2297 3084 2301 3084 2304 3084 2441 3062 2474 3088 2478 3088 2482 3088 2485 3088 2633 3065 2681 3088 2684 3088 2688 3088 2692 3088 2732 3069 3016 3091 3020 3091 3138 3073 3171 3099 3175 3099 3179 3099 3182 3099 3455 3080 3510 3102 3514 3102 3518 3102 3522 3102 3573 3088 3828 3106 3831 3106 3835 3106 3839 3106 3876 3080 3879 3051 3879 2944 3488 2944 3448 2922 3444 2922 3440 2922 3437 2922 3381 2936 3356 2914 3352 2914 3348 2914 3345 2914 3341 2914 3271 2936 3182 2911 3179 2911 3024 2911 3020 2911 3016 2911 3013 2911 2990 2929 2965 2911 2961 2911 2957 2911 2954 2911 2869 2929 2839 2907 2836 2907 2832 2907 2754 2907 2751 2907 2747 2907 2743 2907 2743 2911 2721 2929 2640 2907 2636 2907 2633 2907 2629 2907 2563 2925 2260 2925 2227 2896 2223 2896 2220 2896 2216 2896 2068 2918 1962 2892 1958 2892 1954 2892 1784 2907 1784 3018"/></Shape>
            <String CONTENT="iours incertains de nr̃e salut: car noꝰ"
                    HPOS="1781"
                    VPOS="2892"
                    WIDTH="2098"
                    HEIGHT="214"
                    WC="0.9932059187155503"></String>
          </TextLine>
          <TextLine ID="eSc_line_fb71f82c"
                    TAGREFS="LT8"
                    BASELINE="1781 3169 3872 3205" 
                    HPOS="1777"
                    VPOS="3040"
                    WIDTH="2095"
                    HEIGHT="213">
            <Shape><Polygon POINTS="1781 3169 1777 3202 1987 3231 1991 3231 2194 3213 2249 3235 2253 3235 2257 3235 2371 3217 2426 3235 2430 3235 2434 3235 2600 3220 2633 3242 2636 3242 2640 3242 2644 3242 2788 3224 2817 3246 2821 3246 2824 3246 2828 3246 3002 3228 3075 3246 3079 3246 3865 3253 3872 3205 3872 3102 3702 3102 3669 3076 3665 3076 3662 3076 3658 3076 3551 3095 3514 3069 3510 3069 3507 3069 3503 3069 3359 3091 3341 3076 3341 3073 3337 3073 3333 3073 3330 3073 3326 3073 3322 3073 3322 3076 3315 3084 3300 3073 3300 3069 3297 3069 3293 3069 3289 3069 3285 3069 3249 3084 3035 3058 3031 3058 3027 3058 2987 3076 2906 3062 2902 3062 2898 3062 2895 3062 2869 3084 2644 3084 2618 3054 2618 3051 2614 3051 2611 3051 2607 3051 2603 3051 2541 3076 2408 3047 2404 3047 2400 3047 2334 3073 2198 3043 2194 3043 2116 3058 1943 3040 1939 3040 1936 3040 1932 3040 1895 3062 1855 3040 1851 3040 1847 3040 1843 3040 1781 3062 1781 3169"/></Shape>
            <String CONTENT="ne scaurions iamais cõbien ne quant"
                    HPOS="1777"
                    VPOS="3040"
                    WIDTH="2095"
                    HEIGHT="213"
                    WC="0.9850328962008158"></String>
          </TextLine>
          <TextLine ID="eSc_line_f315ee70"
                    TAGREFS="LT8"
                    BASELINE="1777 3320 3850 3360" 
                    HPOS="1773"
                    VPOS="3191"
                    WIDTH="2077"
                    HEIGHT="228">
            <Shape><Polygon POINTS="1777 3320 1773 3360 1873 3379 1877 3379 1880 3379 1884 3379 1910 3360 1973 3386 1976 3386 1980 3386 2142 3364 2529 3397 2533 3397 2633 3375 2718 3401 2721 3401 3134 3408 3138 3408 3142 3408 3215 3386 3245 3404 3249 3404 3252 3404 3256 3404 3463 3390 3492 3412 3492 3415 3496 3415 3499 3415 3503 3419 3846 3419 3850 3360 3850 3246 3507 3242 3466 3220 3463 3220 3459 3220 3341 3239 3285 3217 3282 3217 3278 3217 3097 3235 2906 3209 2902 3209 2725 3228 2526 3202 2522 3202 2518 3202 2452 3220 2161 3220 2124 3194 2120 3194 2116 3194 2113 3194 1965 3213 1777 3191 1777 3320"/></Shape>
            <String CONTENT="longuement il nous fauldroit labou¬"
                    HPOS="1773"
                    VPOS="3191"
                    WIDTH="2077"
                    HEIGHT="228"
                    WC="0.9979054944855826"></String>
          </TextLine>
          <TextLine ID="eSc_line_0c6e178b"
                    TAGREFS="LT8"
                    BASELINE="1766 3474 3839 3515" 
                    HPOS="1762"
                    VPOS="3349"
                    WIDTH="2077"
                    HEIGHT="229">
            <Shape><Polygon POINTS="1766 3474 1762 3504 1869 3537 1873 3537 1877 3537 1880 3537 1939 3508 1973 3537 1973 3541 1976 3541 1980 3541 1984 3541 1987 3541 2046 3511 2150 3541 2153 3541 2157 3541 2286 3515 2400 3548 2404 3548 2408 3548 2411 3548 2478 3519 2555 3552 2559 3552 2563 3552 2729 3530 2968 3559 2972 3559 2976 3559 3079 3530 3175 3563 3179 3563 3182 3563 3451 3537 3481 3556 3485 3556 3488 3556 3492 3556 3573 3541 3651 3574 3654 3574 3658 3578 3835 3578 3839 3515 3839 3412 3640 3379 3636 3379 3488 3393 3429 3375 3426 3375 3422 3375 3418 3375 3415 3375 3385 3393 3149 3371 3145 3371 3142 3371 3075 3393 2806 3371 2802 3371 2699 3386 2659 3360 2655 3360 2651 3360 2647 3360 2511 3382 2456 3357 2452 3357 2448 3357 2135 3375 1766 3349 1766 3474"/></Shape>
            <String CONTENT="rer pour estre sauuez: et serions tous¬"
                    HPOS="1762"
                    VPOS="3349"
                    WIDTH="2077"
                    HEIGHT="229"
                    WC="0.9999064894822928"></String>
          </TextLine>
          <TextLine ID="eSc_line_62d5a8f6"
                    TAGREFS="LT8"
                    BASELINE="1766 3622 3842 3662" 
                    HPOS="1762"
                    VPOS="3493"
                    WIDTH="2080"
                    HEIGHT="232">
            <Shape><Polygon POINTS="1766 3622 1762 3666 1796 3688 1799 3688 1803 3688 1807 3688 2135 3670 2330 3699 2334 3699 2338 3699 2341 3699 2375 3677 2470 3677 2511 3703 2515 3703 2518 3703 2522 3703 2526 3703 2614 3681 2640 3703 2644 3703 2647 3703 2651 3703 2895 3685 2935 3710 2939 3710 2943 3710 3086 3714 3090 3714 3094 3714 3160 3692 3274 3714 3278 3714 3282 3714 3341 3696 3363 3714 3363 3718 3367 3718 3370 3718 3374 3718 3481 3699 3758 3725 3761 3725 3839 3707 3842 3662 3839 3563 3669 3563 3628 3530 3625 3530 3621 3530 3617 3530 3474 3548 3451 3530 3451 3526 3448 3526 3444 3526 3440 3526 3333 3544 3090 3519 3086 3519 2935 3544 2729 3544 2681 3519 2677 3519 2673 3519 2588 3537 2507 3515 2504 3515 2500 3515 2415 3533 2334 3504 2330 3504 2327 3504 2323 3504 2319 3504 2286 3530 2194 3511 2190 3511 2186 3511 2183 3511 2157 3530 1973 3530 1947 3504 1947 3500 1943 3500 1939 3500 1936 3500 1932 3500 1895 3515 1766 3493 1766 3622"/></Shape>
            <String CONTENT="iours en soucy que neussiõs faict trop"
                    HPOS="1762"
                    VPOS="3493"
                    WIDTH="2080"
                    HEIGHT="232"
                    WC="0.998260783843505"></String>
          </TextLine>
          <TextLine ID="eSc_line_f37342e0"
                    TAGREFS="LT8"
                    BASELINE="1766 3784 3853 3825" 
                    HPOS="1762"
                    VPOS="3659"
                    WIDTH="2091"
                    HEIGHT="217">
            <Shape><Polygon POINTS="1766 3784 1762 3832 1884 3817 1987 3843 1991 3843 1995 3843 2227 3825 2330 3850 2334 3850 2338 3850 2341 3850 2423 3828 2600 3854 2603 3854 2743 3839 2773 3858 2777 3858 2780 3858 2784 3858 3064 3839 3101 3865 3105 3865 3108 3865 3112 3865 3249 3843 3846 3876 3853 3825 3853 3718 3665 3688 3662 3688 3481 3707 3252 3707 3230 3685 3230 3681 3226 3681 3223 3681 3219 3681 3116 3703 2884 3681 2880 3681 2795 3696 2725 3670 2721 3670 2718 3670 2714 3670 2710 3670 2673 3696 2563 3696 2522 3666 2518 3666 2515 3666 2511 3666 2345 3688 2153 3659 2150 3659 1766 3673 1766 3784"/></Shape>
            <String CONTENT="peu, ⁊ ne pourriõs mourir ioyeusem̃t."
                    HPOS="1762"
                    VPOS="3659"
                    WIDTH="2091"
                    HEIGHT="217"
                    WC="0.986619455249686"></String>
          </TextLine>
          <TextLine ID="eSc_line_0712d71e"
                    TAGREFS="LT8"
                    BASELINE="1766 3939 2445 3939 3846 3976" 
                    HPOS="1762"
                    VPOS="3799"
                    WIDTH="2084"
                    HEIGHT="225">
            <Shape><Polygon POINTS="1766 3939 1762 3968 3839 4024 3846 3976 3842 3854 3514 3861 3444 3832 3440 3832 3437 3832 3219 3854 3190 3832 3190 3828 3186 3828 3182 3828 3179 3828 3105 3843 3086 3828 3086 3825 3083 3825 3079 3825 3075 3825 3072 3825 3024 3850 2950 3821 2946 3821 2858 3821 2854 3821 2850 3821 2847 3821 2817 3847 2706 3817 2703 3817 2699 3817 2463 3839 2249 3806 2245 3806 2080 3828 2054 3806 2050 3806 2046 3806 2043 3806 2039 3806 1987 3825 1936 3799 1932 3799 1928 3799 1766 3821 1766 3939"/></Shape>
            <String CONTENT="Mais Dieu noꝰ a uoulu asseurer du"
                    HPOS="1762"
                    VPOS="3799"
                    WIDTH="2084"
                    HEIGHT="225"
                    WC="0.9970048792434462"></String>
          </TextLine>
          <TextLine ID="eSc_line_582ad539"
                    TAGREFS="LT8"
                    BASELINE="1762 4082 3223 4119 3824 4116" 
                    HPOS="1759"
                    VPOS="3950"
                    WIDTH="2065"
                    HEIGHT="228">
            <Shape><Polygon POINTS="1762 4082 1759 4119 1939 4149 1943 4149 2164 4130 2216 4156 2220 4156 2223 4156 2338 4134 2393 4160 2397 4160 2400 4160 2541 4138 2625 4164 2629 4164 2633 4164 2895 4145 2924 4167 2924 4171 2928 4171 2931 4171 2935 4171 3038 4152 3105 4175 3108 4175 3112 4175 3256 4152 3282 4175 3282 4178 3285 4178 3289 4178 3293 4178 3820 4164 3824 4116 3824 4012 3787 3990 3783 3990 3780 3990 3776 3990 3662 4012 3632 3987 3632 3983 3628 3983 3625 3983 3621 3983 3507 4009 3474 3983 3474 3979 3470 3979 3466 3979 3463 3979 3459 3979 3455 3979 3415 4009 3315 4009 3278 3976 3274 3976 3271 3976 3267 3976 3112 4001 3046 3972 3042 3972 3038 3972 2824 3994 2758 3965 2754 3965 2644 3965 2640 3965 2636 3965 2633 3965 2603 3990 2559 3961 2555 3961 2552 3961 2548 3961 2371 3983 2279 3965 2275 3965 2157 3979 2120 3957 2116 3957 2113 3957 2109 3957 1998 3976 1965 3950 1962 3950 1958 3950 1954 3950 1762 3965 1762 4082"/></Shape>
            <String CONTENT="ciel par sa ꝓmesse, affin q̃ en fussions"
                    HPOS="1759"
                    VPOS="3950"
                    WIDTH="2065"
                    HEIGHT="228"
                    WC="0.9961077868938446"></String>
          </TextLine>
          <TextLine ID="eSc_line_bd1c01f6"
                    TAGREFS="LT8"
                    BASELINE="1759 4237 3813 4274" 
                    HPOS="1755"
                    VPOS="4116"
                    WIDTH="2058"
                    HEIGHT="210">
            <Shape><Polygon POINTS="1759 4237 1755 4289 1962 4278 2459 4311 2463 4311 2577 4289 2743 4315 2747 4315 2858 4296 3083 4322 3086 4322 3090 4322 3149 4300 3271 4326 3274 4326 3809 4322 3813 4274 3813 4167 3669 4167 3651 4149 3651 4145 3647 4145 3643 4145 3640 4145 3201 4156 3083 4134 3079 4134 2990 4152 2784 4127 2780 4127 2777 4127 2732 4145 2577 4123 2574 4123 2456 4141 2378 4119 2375 4119 2371 4119 2238 4138 2172 4116 2168 4116 2164 4116 1759 4127 1759 4237"/></Shape>
            <String CONTENT="certains. Car il est la uerite, laq̃lle ne"
                    HPOS="1755"
                    VPOS="4116"
                    WIDTH="2058"
                    HEIGHT="210"
                    WC="0.9978089588029044"></String>
          </TextLine>
          <TextLine ID="eSc_line_c8980886"
                    TAGREFS="LT8"
                    BASELINE="1759 4392 3791 4425" 
                    HPOS="1755"
                    VPOS="4259"
                    WIDTH="2036"
                    HEIGHT="225">
            <Shape><Polygon POINTS="1759 4392 1755 4433 1777 4451 1777 4455 1781 4455 1784 4455 1788 4455 1792 4455 1796 4455 1825 4433 1895 4455 1899 4455 1903 4455 2009 4440 2028 4455 2028 4458 2032 4458 2035 4458 2039 4458 2194 4436 2275 4462 2279 4462 2282 4462 2434 4440 2736 4469 2968 4473 2972 4473 2976 4473 3020 4451 3046 4473 3049 4473 3053 4473 3057 4473 3061 4473 3105 4455 3223 4477 3226 4477 3230 4477 3234 4477 3256 4455 3333 4480 3337 4480 3341 4480 3463 4466 3562 4484 3566 4484 3569 4484 3573 4484 3603 4466 3743 4484 3746 4484 3750 4484 3754 4484 3787 4458 3791 4425 3787 4315 3625 4315 3588 4289 3584 4289 3581 4289 3577 4289 3573 4289 3525 4315 3374 4315 3263 4281 3260 4281 3256 4281 3120 4307 3042 4278 3038 4278 2887 4274 2884 4274 2747 4300 2625 4270 2622 4270 2618 4270 2493 4296 2397 4270 2393 4270 2389 4270 2212 4293 2076 4267 2072 4267 2068 4267 1987 4289 1884 4259 1880 4259 1877 4259 1759 4259 1759 4392"/></Shape>
            <String CONTENT="peut mentir. Et affin aussi q̃ eussions"
                    HPOS="1755"
                    VPOS="4259"
                    WIDTH="2036"
                    HEIGHT="225"
                    WC="0.999728948642046"></String>
          </TextLine>
          <TextLine ID="eSc_line_618938bd"
                    TAGREFS="LT8"
                    BASELINE="1759 4539 3787 4576" 
                    HPOS="1755"
                    VPOS="4418"
                    WIDTH="2032"
                    HEIGHT="221">
            <Shape><Polygon POINTS="1759 4539 1755 4598 1954 4584 2006 4606 2009 4606 2013 4606 2017 4606 2098 4587 2216 4613 2220 4613 2452 4595 2596 4620 2600 4620 2603 4620 2662 4598 3035 4628 3038 4628 3215 4609 3680 4639 3684 4639 3783 4617 3787 4576 3787 4477 3750 4458 3746 4458 3743 4458 3739 4458 3735 4458 3658 4480 3588 4447 3584 4447 3581 4447 3577 4447 3573 4447 3540 4469 3429 4458 3426 4458 3422 4458 3418 4458 3385 4477 3142 4473 3046 4440 3042 4440 3038 4440 3035 4440 2961 4458 2939 4440 2939 4436 2935 4436 2931 4436 2928 4436 2924 4436 2920 4436 2884 4469 2777 4469 2588 4436 2585 4436 2581 4436 2537 4458 2434 4455 2367 4425 2363 4425 2087 4422 2083 4422 2080 4422 1987 4451 1895 4418 1891 4418 1888 4418 1759 4433 1759 4539"/></Shape>
            <String CONTENT="fiance ⁊ esperance en luy, nonobstant"
                    HPOS="1755"
                    VPOS="4418"
                    WIDTH="2032"
                    HEIGHT="221"
                    WC="0.9901373418601783"></String>
          </TextLine>
          <TextLine ID="eSc_line_0765d2e4"
                    TAGREFS="LT8"
                    BASELINE="1759 4691 3780 4731" 
                    HPOS="1755"
                    VPOS="4565"
                    WIDTH="2025"
                    HEIGHT="221">
            <Shape><Polygon POINTS="1759 4691 1755 4735 1784 4753 1788 4753 1792 4753 1796 4753 2109 4738 2308 4764 2312 4764 2434 4746 2489 4768 2493 4768 2496 4768 2640 4749 2758 4768 2762 4768 3031 4757 3057 4779 3061 4779 3064 4779 3068 4779 3072 4779 3108 4761 3418 4786 3422 4786 3776 4779 3780 4731 3780 4628 3721 4602 3717 4602 3713 4602 3710 4602 3632 4624 3603 4602 3603 4598 3599 4598 3595 4598 3592 4598 3588 4598 3503 4624 3370 4595 3367 4595 3230 4620 2898 4617 2850 4584 2847 4584 2843 4584 2839 4584 2681 4609 2411 4606 2389 4584 2386 4584 2382 4584 2378 4584 2257 4598 2124 4569 2024 4569 2021 4569 2017 4569 2013 4569 1973 4595 1914 4565 1910 4565 1906 4565 1759 4587 1759 4691"/></Shape>
            <String CONTENT="que selon la grandeur ⁊ multitude de"
                    HPOS="1755"
                    VPOS="4565"
                    WIDTH="2025"
                    HEIGHT="221"
                    WC="0.998238710893525"></String>
          </TextLine>
          <TextLine ID="eSc_line_d3c93ce9"
                    TAGREFS="LT8"
                    BASELINE="1744 4842 3765 4882" 
                    HPOS="1740"
                    VPOS="4720"
                    WIDTH="2025"
                    HEIGHT="262">
            <Shape><Polygon POINTS="1744 4842 1740 4919 1836 4934 1840 4934 1843 4934 1847 4934 1877 4912 1965 4945 1969 4945 1973 4945 1976 4945 2043 4912 2164 4912 2290 4963 2293 4963 2297 4963 2659 4948 2736 4971 2740 4971 2743 4971 2946 4930 2994 4952 2998 4952 3002 4952 3005 4952 3009 4952 3009 4948 3027 4930 3116 4978 3120 4978 3260 4982 3263 4982 3267 4982 3271 4982 3319 4941 3352 4956 3356 4956 3359 4956 3363 4956 3367 4956 3396 4937 3758 4971 3765 4882 3761 4749 3555 4772 3510 4749 3507 4749 3503 4749 3499 4749 3496 4749 3463 4772 3381 4742 3378 4742 3374 4742 3370 4742 3274 4768 3215 4738 3212 4738 3208 4738 3075 4753 2954 4735 2950 4735 2946 4735 2943 4735 2909 4761 2806 4731 2802 4731 2799 4731 2706 4749 2633 4727 2629 4727 2625 4727 2622 4727 2552 4753 2400 4731 2397 4731 2257 4746 2223 4720 2220 4720 2216 4720 2212 4720 2209 4720 2124 4746 1766 4742 1744 4842"/></Shape>
            <String CONTENT="noz pechez ce noꝰ semble chose impossi"
                    HPOS="1740"
                    VPOS="4720"
                    WIDTH="2025"
                    HEIGHT="262"
                    WC="0.9941249756436599"></String>
          </TextLine>
        </TextBlock>
        <TextBlock HPOS="3479"
                   VPOS="4905"
                   WIDTH="337"
                   HEIGHT="215"
                   ID="eSc_textblock_b3803fe3"
                   TAGREFS="BT17">
          <Shape><Polygon POINTS="3487 4921 3479 5120 3801 5120 3816 4905"/></Shape>
          <TextLine ID="eSc_line_0ece4df5"
                    TAGREFS="LT8"
                    BASELINE="3529 5033 3761 5044" 
                    HPOS="3522"
                    VPOS="4908"
                    WIDTH="239"
                    HEIGHT="262">
            <Shape><Polygon POINTS="3529 5033 3522 5144 3599 5170 3603 5170 3606 5170 3754 5159 3761 5044 3761 4948 3610 4908 3606 4908 3603 4908 3599 4908 3529 4934 3529 5033"/></Shape>
            <String CONTENT="ble,"
                    HPOS="3522"
                    VPOS="4908"
                    WIDTH="239"
                    HEIGHT="262"
                    WC="0.9999735951423645"></String>
          </TextLine>
        </TextBlock>
        <TextBlock HPOS="1346"
                   VPOS="2114"
                   WIDTH="436"
                   HEIGHT="222"
                   ID="eSc_textblock_3cd08afc"
                   TAGREFS="BT13">
          <Shape><Polygon POINTS="1346 2114 1346 2336 1782 2336 1782 2114"/></Shape>
          <TextLine ID="eSc_line_c052aa3d"
                    TAGREFS="LT8"
                    BASELINE="1412 2255 1759 2263" 
                    HPOS="1408"
                    VPOS="2122"
                    WIDTH="353"
                    HEIGHT="203">
            <Shape><Polygon POINTS="1412 2255 1412 2122 1659 2126 1663 2126 1751 2155 1761 2153 1758 2309 1578 2306 1408 2325"/></Shape>
            <String CONTENT="Iehã.3."
                    HPOS="1408"
                    VPOS="2122"
                    WIDTH="353"
                    HEIGHT="203"
                    WC="0.976941429078579"></String>
          </TextLine>
        </TextBlock>
      </PrintSpace>
    </Page>
  </Layout>
</alto>
