4267 6154
2451 584 215 282 59

991 642 759 181 Chapitreu.

328 793 2061 205 neur, ⁊ parlent contre la puissance, et

328 943 2041 185 bonte diuine: Cõe escript sainct Paul.

345 1100 2034 185 Si uous uous faictes circõcir, Christ

335 1247 2034 185 ne uous prouffitera rien. Cest a dire.

348 1394 2017 188 Si uous mettez quelque cõfidence en

317 1538 2048 195 la loy, ou en aucunes oeuures, Christ

328 1685 2037 185 ne uous aydera point. Et encore dit

317 1825 1943 188 sainct Paul au mesme chapitre.

307 1974 2036 190 Quicõques uoulez estre iustifiez par

304 2123 2044 195 la loy/ uoꝰ estes cheuz hors de la gra

311 2266 2031 195 ce de Dieu. Cõmẽt peuẽt ces parolles

317 2406 2028 209 estre plus cleres? Pourtant blasphe¬

324 2553 2024 202 ment tous ceux cõtre la puissance di¬

324 2704 2028 178 uine, qui ueulent aucunemẽt meriter

317 2841 2035 198 par leurs bõnes oeuures. Pour ceste

321 2991 2027 195 cause ferons nous tousiours noz bon

317 3135 2028 205 nes oeuures par charite, au ꝓuffit de

317 3282 2018 205 nostre prochain/ ⁊ point pour la neces

335 3422 2000 219 site de nostre salut. Car ꝑ Iesu Christ

338 3576 2004 208 sommes nous faictz certains de la uie

312 3723 2021 200 eternelle/ cõme dessus est dit. Ceux qͥ

314 3866 2021 209 par leurs oeuures ueulẽt satisfaire a

314 4013 2007 202 Dieu, font contre dieu, cõe si dieu ne

314 4157 2014 219 fust assez puissant de soy mesme sans

304 4335 2017 188 noz oeuures, pour noꝰ pardõner noz

307 4451 2000 301 pechez. Et cõme si la passion de Iesu

1877 4636 413 280 Christ,

2389 933 365 226 Gal.5.

2354 1948 379 221 Gal.5.
