4267 6154
2379 605 272 251 175

957 642 882 205 Chapitre .xxii.

400 806 2034 202 lhõnorera cõme son propre corps. Car

400 958 2015 201 iasoit q̃ lhomme soit le chef, il ne doibt

410 1114 2027 168 point pourtant supprimer, ne contem

417 1251 2013 198 ner sa femme, mais la doibt songneu

413 1405 2011 191 sement defendre, ⁊ garder de mal/ cõ¬

406 1545 2004 205 me son propre corps. Et il sefforcera

403 1688 2004 209 plus que sa femme layme, quil ne fera

393 1832 2003 209 q̃lle le craigne. Et il doibt aymer icel¬

369 1984 1990 200 le, cõme Dieu nous a aymes, quand

364 2118 2036 220 nous estiõs encore ses ennemys, ⁊ en¬

362 2276 2041 206 core infectz de noz pechez. Aĩsi aymera

362 2413 2031 212 le mary sa fẽme, iasoit q̃lle soit layde/

372 2560 2021 209 ou merueilleuse. Il ne sera poĩt cruel,

369 2694 2048 215 ne dur ꝯtre elle/ mais la supportera pa

376 2837 2037 219 tiẽmẽt ⁊ ladmõestera doulcem̃t. Car si

372 2984 2017 229 tu es le chef/ poͬquoy ueulz tu blesser,

372 3135 2031 212 ou ꝯtẽner tõ corps/ cestadire ta fẽme?

478 3278 1905 219 Lhõme deffẽdra/ admonestera/ en

393 3415 1996 232 seignera/ ⁊ conduyra sa femme/ son¬

400 3565 2041 223 gnant q̃lle ne se ueste trop sumptueu

386 3716 2000 222 sement ⁊ põpeusement/ ⁊ q̃lle ne por¬

376 3877 1989 205 te aucuns ioyaulx par uaine gloire.

364 4010 1995 226 Car les femmes sont naturellement

369 4143 1995 231 addonnees a telles follies/ ⁊ a la bra¬

355 4300 2010 230 guerie ou pomposite/ qui est grand pe

348 4451 2006 297 che. Car il nappartient point a la fem

2150 4659 212 206 me

2446 953 400 211 Ephe.5.

2410 1974 395 210 Rom̃.5.

2410 2143 426 200 Colos.3

2369 4041 390 246 1.Pet.3.

2369 4477 415 256 1.Tim̃.2
