4267 6400
2474 512 171 325 33

885 611 896 203 Chapitre .iii.

341 764 2062 245 aux eglises en latin. Et en iceluy tẽps

344 928 2056 227 estoient plusieurs femmes et dames/

344 1066 2077 228 lesquelles entẽdoint fort bien les escri

362 1216 2045 224 ptures/ si cõme Paula et Eustochiũ/

362 1379 2059 210 Demetrias ⁊ Marcella/ et plusieurs

355 1525 2073 210 autres desq̃lles saĩct Hierosme escript.

355 1674 2077 203 Et les cõmuns mesnagiers lisoiẽt la

344 1816 2081 224 Bible en leurs mesnages auec leurs

344 1973 2084 210 enfans. Maintenãt ya une chose ne¬

355 2112 2077 231 cessaire/ cest q̃ la saincte escripture soit

359 2275 2076 210 translatee en tous langaiges/ ou que

376 2428 2049 188 les enfans apprennent tous le latin.

391 2563 2026 203 Mais il uaudroit beaucop mieulx q̃

384 2709 2065 206 les enfans apprinssent le latin: car la

398 2858 2048 217 saincte escripture est plus facile a en¬

398 3022 1127 192 tendre selon le latin.

522 3157 1938 199 Aucun pourroit dire. Chascun ne

408 3303 2031 213 peut enuoyer ses enfãs aux escolles/

426 3473 2031 189 par ce quilz sont paoures. Pourtant

430 3601 2023 203 uouldrois ie biẽ quõ tinst les enfans

426 3761 2020 199 des paoures gens aux escolles aux

423 3904 2044 202 despens du cõmun/ ou q̃ on prinst lar

426 4046 2041 210 gẽt lequel on despẽd tant oultrageu¬

433 4195 2027 196 semẽt en faisant et dorãt les images/

426 4355 2038 196 et en ornãt les aultez par les eglises/

433 4501 2052 231 ⁊ en edifiant des monasteres/ chanoi¬

1646 4654 850 202 C neries/
