4267 6631
1591 591 266 282 44

2579 692 741 217 De la foy.

1840 806 2222 326 thee. Un fidele sermon. Car si noꝰ som

1842 1013 2207 268 mes mortz auec luy/ nous uiurõs pa

1838 1153 2207 283 reillement auec luy. Car Dieu sest lye

1835 1318 2207 269 a nous/ ⁊ a cause de sa ꝓmesse/ il nous

1831 1484 2203 247 doibt le ciel/ en cas q̃ le croyõs/ mais si

1823 1620 2149 266 noꝰ ne le croyõs/ il ne noꝰ doibt rien.

1956 1790 2071 258 Lisez toutes les Euãgiles, ⁊ uous

1816 1948 2207 262 ne trouueres point/ que nostre seigñr

1801 2103 2215 258 Iesus Christ ait tant hay/ reprins/ ne

1801 2265 2204 243 redargue aucune chose/ ne plꝰ souuẽt

1796 2403 2189 265 en ses disciples/ que incredulite. Cõme

1796 2575 2189 270 est recite en sainct Matthieu q̃ quand

1790 2729 2200 260 sainct Pierre cheminoit sur leaue et

1779 2873 2200 276 doubta. O petit de fiance (dit Iesus)

1783 3046 2189 251 pour quoy as tu doubte? Itẽ au para¬

1761 3179 2203 283 litique. Cõfie toy filz/ tes pechez te sõt

1772 3337 2189 273 pardonnez. Et a la femme trauaillee

1757 3503 2193 261 du flux de sang. Confie toy fille/ tes

1753 3654 2178 261 pechez te sont pardonnez. Et a laueu¬

1761 3816 2155 239 gle. Crois tu q̃ ie te puis ayder? Et les

1757 3978 2141 247 Apostres ne pouoiẽt chasser ne expul

1750 4118 2137 258 ser le diable/ a cause de leur increduli¬

1742 4276 2149 277 te. O incredules (dist il) ⁊ generation

1728 4435 2137 258 peruerse/ cõbiẽ seray ie auec uoꝰ? Par

1724 4593 2133 262 ainsi peux tu facilement congnoistre/

1742 4752 2112 283 quãtesfoys nostre seigñr Iesꝰ Christ

3555 5002 302 240 a re¬

1370 779 470 281 2.Tim.2.

1332 2558 436 193 Mat.14

1326 2713 459 188 Mat.9.
