4267 6633
1729 718 218 206 130

2518 657 797 243 De la mort.

1914 845 2164 277 qui nont point desperãce de la uie en

1931 1033 2109 227 nelle. Et ie suis esbahy commẽt nous

1925 1188 2115 254 sommes tãt aueuglez ⁊ infidelez/ ueu

1936 1367 2094 221 que nous auons S. Paul qui noꝰ cõ¬

1920 1509 2114 232 mande que ne soyons tristes pour noz

1914 1669 2115 243 amys trespassez. Car il dit aux Thes

1925 1807 2081 232 salonicenses. Mes freres noꝰ ne uou

1925 1962 2070 249 lons point que uous soyez ignorans

1892 2133 2103 232 des dormãs (cestadire des trespassez)

1895 2288 2091 221 affin que ne soyez contristez/ cõme les

1880 2432 2117 224 autres qui nont point desperãce. Re¬

1877 2590 2113 210 garde, S. Paul nappelle la mort

1880 2726 2110 233 autre chose quun somne, duquel Ie¬

1877 2874 2109 243 sus Christ noꝰ esueillera au iour du iu

1880 3032 2103 225 gement. Et si nous auions une telle

1888 3194 2065 218 foy, comme celle de laquelle iay beau¬

1869 3342 2095 221 coup parle/ nous ne seriõs riẽ tristes:

1858 3482 2095 239 mais plustost ioyeux/ quand aucun

1820 3648 2131 215 meurt: Et quiconques est triste pour

1820 3786 2120 215 telle chose se mal contentant, il peche/

1843 3942 2092 233 car il est marry q̃ la uolunte de Dieu

1840 4094 2095 232 est faicte. Nul ne soit dõc triste oultre

1829 4256 2117 217 mesure/ nul ne porte dueil: car ce nest

1832 4407 2066 225 tout q̃ follie ⁊ incredulite. Et tu ne

1825 4558 2043 217 ordonneras aussi point en ton uiuãt,

1821 4709 2051 265 ou tu uueile estre ensepuely/ ou quel

3551 4926 332 196 mar¬

1461 1774 453 238 2.Thes¬

1466 1967 299 255 sa.4.
