4267 6154
2323 476 220 395 13

912 516 883 225 Chapitre .xui.

256 687 2051 246 uertuz en une telle bõne assemblee de

273 871 2041 212 sainctes personnes/ q̃lle ne faisoit en¬

270 1015 2048 212 tre les seculiers ⁊ mõdains/ qͥ ne quie¬

270 1159 2051 211 rent fors choses charnelles. Et de la

273 1312 2045 205 prengnẽt exemple, ceux qui a present

276 1456 2035 208 ueulẽt/ uiure en paresse sans trauail,

263 1596 2055 222 et se appellẽt moines cestadire solitai¬

259 1750 2045 205 res combien quil ne soyẽt rien moins,

253 1890 2048 212 ce que uoirrons a la differẽce des an¬

253 2047 2051 199 ciens/ ⁊ des caphardz de nostre temps

259 2194 2045 199 Premierestit, tu doibs scauoir que ces

263 2335 2044 198 bonsanciens ne faisoint nulz ueuz ne

276 2478 2038 198 promesses/ comme il font maintenãt.

276 2615 2038 198 Et nul nestoit la contrainct a chaste¬

276 2769 2045 198 te/ ou autres uertuz contre sa uolũte.

276 2902 2048 222 Ilz estoient subiectz seulemẽt aux cõ¬

273 3063 2048 202 mãdemens de Dieu/ ⁊ de Leuangile.

430 3205 1888 195 Et par ce que ne puis reciter la uie

290 3374 2024 178 de tous anciẽs/ ie parleray icy de qua¬

290 3511 2034 191 tre manieres: affin quon scache cõmẽt

294 3661 2027 188 la uie des graz moines est estrange ⁊

297 3808 2027 188 differẽte aux anciẽs. Les premiers

294 3948 2041 192 uiuans solitairement, estoient Helie

300 4092 2031 205 Helisee les filz de Ionadab les filz

304 4246 2034 198 des prophetes S. Iehan Baptiste/ et

307 4396 2035 257 autres semblables. Iceux estoiẽt per¬

1589 4533 754 246 I 3 son¬
