4267 6254
1629 545 296 205 182

2199 545 1369 198 Denseigner les enfans

1931 715 2134 205 leurs enfans/ et leur maisnie/ comme

1966 859 2097 225 escript sainct Paul/ a Timo./ disant.

1949 1031 2116 198 Si q̃lcun na point de soing des siens/

1931 1181 2148 198 et principalement de sa mesnie/ il a re¬

1935 1334 2130 205 ny la foy/ ⁊ il uault pire quun infide¬

1935 1497 2126 191 le ⁊ payen. Qui est celuy qui ne trem¬

1931 1639 2127 195 blera oyãt ces parolles du S. Esprit?

1938 1799 2117 174 O peres ⁊ meres/ maistres ⁊ dames/

1931 1963 2117 184 prene ces ꝑolles a coeur: car cest grãd

1928 2102 2120 198 danger destre pire quun payen ⁊ da¬

1921 2254 2109 188 uoir renye la foy. Pense bien aussi

1928 2386 2095 198 quelz seruans ou seruantes uous pre

1914 2532 2120 212 nez en uostre maison. Car les enfans

1914 2682 2109 208 deuiennent souuentesfois semblables

1907 2831 2116 219 a iceux. Et gardez bien q̃ uostre mais¬

1907 2984 2109 209 nie ne die ou chante aucunes uillai¬

1897 3137 2119 208 nes parolles ou chansons/ car cela cor

1900 3293 2106 212 rumpt fort les enfans. Les parens se

1893 3436 2102 208 doibuent garder de pompeusement a

1886 3585 2099 205 coustrer ⁊ uestir leurs enfans/ de les

1886 3731 2068 219 flater ou des les auoir trop chier/ ⁊

1876 3884 2057 215 mõstrer trop de folle amoͬ: car quand

1872 4040 2047 209 on leur donne trop grand pied/ on ne

1865 4183 2047 229 les scait apres chastier ne reprendre.

1869 4339 2043 209 Il faut aussi que les parens se gar¬

1858 4495 2040 240 dent de soy uestir trop pompeusemẽt:

3686 4690 202 181 car

1481 854 459 203 1.Tim.5
