4267 6225
1713 619 325 214 246

2619 608 834 177 De la guerre.

1937 774 2115 208 gneurs tẽporelz/ ⁊ a paye le denier du

1941 930 2107 204 tribut pour soy/ ⁊ poͬ S. Pierre/ Non

1951 1079 2108 210 point qͥl le deubst: mais affin qͥl ne scã

1972 1234 2087 192 daliz ast aucun/ cõme escript S. Mat¬

1958 1379 2104 215 thieu. Ce doibuẽt biẽ ꝯsiderer toꝰ Chie

1962 1535 2093 218 stiẽs/ ⁊ soy garder de murmurer quãd

1958 1687 2097 211 taille ou taxatiõ leur sera demandee.

1951 1843 2108 211 Mais quãd on ne te demãde riẽ/ tu ne

1955 1995 2097 211 doibs riẽ deuãt Dieu. Car Iesꝰ Chrif

1951 2151 2108 211 estoit passant en toꝰ lieux/ ⁊ ne saccu/

1965 2303 2094 193 soit poĩt mesmes/ car il ne debuoit riẽ

1965 2445 2087 186 mais quand il fut admõneste/ il payq

1969 2579 2083 211 cõe dit est. Et les Seigñrs se garde/

1969 2745 2079 191 ront aussi diligẽmẽt doppresser leurs

1976 2891 2076 211 subiectz car de ce rẽdront ilz estroit cõ¬

1972 3053 1069 194 pte deuant Dieu.

2027 3195 1952 197 ¶ Des gẽsdarmes/ ⁊ de la guere/

2038 3358 1924 193 si les Chrestiẽs peuuent guerroyer

2034 3499 1938 197 sans peche/ une informatiõ selõ la

2076 3652 1851 200 saincte Euãgile. Chap̃.xxix.

2263 3792 1765 192 Es gẽsdarmes nõt riẽ en lEuq̃

2263 3942 1765 213 gile/ poͬ uiure selõ icelle. Car lE

1962 4108 2052 187 uangile ne cõgnoit nul gẽsdarme/ ne

1965 4260 2035 183 guerre/ mais seulemẽt paix. Iasoit q̃

1976 4409 2017 187 plusieurs docteurs dient/ ⁊ escripuẽt q̃

1969 4561 2024 218 la gẽsdarmerie est raisonnable/ ⁊ bon

1972 3802 280 353 N

3740 4727 257 176 ne a

1489 1219 468 269 Mat.17.
