4267 6154
2354 558 220 329 79

943 594 937 209 Chapitre .uiii.

287 776 2058 201 faict grand et riche/ tu penseras ainsi

314 936 2028 188 en toy mesme. Or regarde/ Dieu ma

324 1076 2028 192 faict son enfant/ ⁊ lheritier de sa gloi¬

324 1223 2024 195 re/ ⁊ frere de Iesu Christ ⁊ ma donne

283 1377 2048 188 pardon de tous mes pechez/ ⁊ ie seray

311 1517 2027 189 en bref temps auec luy en la uie eter¬

307 1654 2052 195 nelle/ laq̃lle il ma dõne sãs lauoir me¬

300 1798 2045 208 rite/ q̃lle chose feray ie de rechef a dieu

294 1955 2048 195 par dilection ⁊ gratitude/ pour tout ce

294 2099 2041 198 qͥl ma donne/ cõe dit le Prophete Da

300 2242 2021 192 uid. Quãd aucũ parle ainsi auec son

314 2386 2028 198 coeur cõsiderant/ ⁊ cõtẽplant la grãd

311 2526 2027 192 bonte et misericorde de Dieu/ alors

314 2673 2024 195 uient/ ⁊ augmẽte lamour de Dieu en

297 2817 2041 198 luy/ par la Foy/ par ce qͥl croit certai¬

297 2960 2038 202 nement q̃ dieu le a ainsi faict grand ⁊

270 3100 2061 219 riche. Et apres q̃ lamour est ainsi en¬

290 3258 2048 205 tree ⁊ eschauffee au coeur de la person

283 3398 2041 202 ne/ elle le faict souffrir/ et porter tou¬

304 3541 2010 219 tes choses/ ⁊ le faict labourer, ⁊ pener,

300 3688 2021 219 et faire tout ce quelle estime cõplaire

287 3832 2031 212 a dieu/ sans riẽ cõsiderer fors lamour

290 3972 2028 229 de dieu. C◊e dit sainct Paul. Charite

273 4123 2041 222 souffre toutes choses, charite ne faict

283 4266 2031 216 rien en uain ⁊c. Et q̃ a une telle chari

280 4417 2038 236 te uers Dieu, tout ce quil faict est ag¬

1842 4608 465 226 greable
