4267 6200
2337 542 316 315 247

1002 637 955 200 Chapitre .xxix.

437 781 2003 214 ne a cause des parolles de S. Iehan

429 945 2017 196 Baptiste/ leq̃l (cõe escript S. Luc en

437 1088 2017 200 lEuangile) respõdit aux gẽsdarmes

441 1240 1988 199 luy demãdãs q̃lle chose ilz feroint poͬ

437 1377 2023 207 estre sauuez/ qͥlz ne feissent a nully de¬

441 1532 2013 193 trimẽt/ mais seroyent cõtens de leurs

451 1677 1999 193 gaiges. Par ces parolles ueulẽt dire

444 1818 1996 200 les docteurs/ ⁊ Theologiẽs q̃ les gẽs¬

434 1973 2009 169 darmes peuuent guerroyer/ et pillier

427 2114 2020 190 sans peche ⁊ malfaire. Mais ilz nẽteni

423 2263 1982 182 dent point les parolles de S. Iehan.

561 2400 1886 179 Il fault entẽdre q̃ la doctrine de S.

444 2538 2023 190 I ehã ne induisoit nul au salut/ mais

441 2686 2030 179 aprestoit seulemẽt les coeurs humaĩs

451 2827 2027 193 a Dieu/ ⁊ a la doctrine de Iesu Christ

458 2979 2027 186 ⁊ corrigeoit les plꝰ gros maux par sa

454 3120 2034 193 p̃dication. Il enseignoit seulement le

454 3268 2037 186 cõmencement de iustification. Cõe sil

461 3406 2020 196 eust uoulu dire. Si ie uoꝰ deffendoye

472 3558 1999 193 du tout le guerroyer uoꝰ ne le pouryez

465 3713 1999 179 encore laisser/ mais cõmencez p̃miere¬

475 3871 2016 169 ment a laisser le plus gros mal/ cõe de

482 4005 2009 186 faire dõmaige/ ⁊ outrage a autruy/ de

472 4157 2016 158 bruslet/ de pillier ⁊c. Et soyez tous con

472 4291 2016 183 tẽs de uoz gaiges. Ainsi nestoit S.

475 4436 2023 220 Iehan Baptiste autre chose fors cõe

1737 4572 776 248 Q 4 un

2472 940 336 238 Luce.3.
