4267 6154
2256 615 267 246 167

902 618 927 205 Chapitre .xxi.

290 786 2041 212 tellemẽt q̃ ie ne scay q̃lle sainctete il ya

294 943 2030 195 en la uie des nõnes/ cõe elle est auiour

297 1083 2027 205 dhuy ꝯduicte, elle est plꝰ aggreable au

297 1237 2027 195 mõde q̃ a Dieu. Car la simplesse, ⁊ ꝯtẽ

307 1391 2024 188 ptibilite/ paourete/ et humilite/ laq̃lle

304 1535 2017 177 dieu reqͥert est maĩtenãt perie ⁊ reprou

304 1675 2000 195 uee/ ⁊ tout est chãge en orgueil, bau¬

297 1825 2031 178 bans/ ⁊ acoustremẽs/ cõme si en telles

290 1955 2041 209 choses gisoit spiritualite ⁊ sainctete de

290 2112 2017 175 religiõ, ⁊ si uoulez scauoyr nouuellez

294 2270 2020 174 des affairez du mõde il leur fault de¬

294 2403 2013 174 mãder: car elles sõt fort curieuses den

297 2543 2024 185 enq̃rir. Ie delaisse a pẽser les abhomi¬

300 2700 2035 175 nables pechez qͥ se cõmettẽt/ ꝑ laguillõ

311 2827 2034 198 de sensualite: a ceste raison ie seroys de

314 2984 2031 178 aduiz/ q̃ les esleutes de dieu (car il en a

321 3131 2017 185 ꝑ tout) auoyr cõgneu labuz/ laissassẽt

317 3271 2025 188 tel dãgereux estat/ sãs craĩte de paou

335 3422 2013 167 urete: ⁊ le Seigneͬ les nourriroyt/ cõe

338 3565 1983 185 il faict celles qͥ en appetit de biẽ uiure/

341 3716 1997 188 se sont maries en toute chastete ⁊ cõti¬

331 3853 872 188 nence dinfamie.

478 4003 1730 191 ¶ Des cloistres des seurs/ et de

458 4147 1562 198 leurs uie. Chap̃.xxi.

615 4292 1723 174 L y a aussi plusieurs cloistres de

610 4430 1692 231 seurs/ la uie desq̃lles semble plꝰ

364 4282 246 359 I

1576 4591 769 209 L 4 estre
