4267 6371
2460 530 265 346 cz

1104 555 818 216 Chapitre .ui.

432 729 2128 230 de remercier Dieu/ mais le pourriõs

432 909 2121 205 attribuer a noꝰ mesmes et a noz oeu¬

432 1061 2114 213 ures. Mais sainct Paul et toꝰ les ꝓ¬

435 1210 2131 196 phetes nous enseignent, q̃ nous som¬

432 1373 2124 216 mes, iustifiez, ⁊ auons salut ꝑ la seu¬

435 1525 2103 227 le grace de Dieu, ⁊ non point par noz

432 1681 2092 216 merites/ car nous nen auons nulles.

414 1829 2096 227 Et cõe dieu ueult quon ne remercie/

393 1964 2136 244 loue/ ou ayme autre que luy seul/ ainse

396 2141 2128 223 ne ueult il que cerchiõs autre part ne

398 2282 2131 234 daucun autre salut, q̃ de luy seul. Car

414 2438 2107 237 dieu ueult seul estre nr̃e salut, et Sau

410 2597 2114 231 ueur: ⁊ ne ueult point q̃ cerchions au¬

407 2746 2114 248 tre part cõfort/ fors en soy ⁊ de soy, et

407 2909 2110 223 point en nous mesmes/ ne en noz bon

400 3061 2107 237 nes oeuures. Et poͬ ceste cause escript

409 3201 2083 265 sainct Paul a Tite: Apres q̃ la bonte

407 3369 2089 237 et lamour uers les hommes de nostre

410 3518 2086 247 Sauueur dieu sest apparue/ non ꝑ les

407 3663 2082 272 oeuures, de iustice, lesquelles noꝰ fai¬

407 3829 2075 255 sions: mais il noꝰ a sauuez par sa mi¬

410 3985 2065 258 sericorde/ ꝑ le moyen du saĩct Esprit/

393 4134 2064 269 lequel il a abondamment respãdu en

393 4289 2060 255 noꝰ par Iesu Christ nostre Sauueur.

393 4445 2071 269 Et pourtant, quiconques cuide auoir

400 4604 2068 298 desserui le royaume des cieux ꝑ sa iu¬

2273 4841 177 291 ste

2497 3243 361 287 Tit.3.
