4267 7226
1072 658 342 289 1b

1378 871 2531 249 te de Dieu, quil te uienne q̃rir quand

1382 1067 2531 237 il luy plaira. Et tu desireras tousioͬs

1386 1252 2543 229 plus a mourir ⁊ destre auec Dieu, que

1398 1437 2543 233 de uiure icy plus longuement. Et ce

1390 1613 2555 233 desirera tõ esprit. Car la chair ne scait

1390 1806 2551 225 desirer telles choses. Et aĩsi te tiẽdras

1382 2003 2559 212 tu fermement a Dieu croyant que tu

1386 2167 2551 229 es enfant de Dieu/ et que Dieu est tõ

1394 2364 2231 213 Pere ⁊ que tu appartiens a luy.

1560 2517 2357 252 Car Dieu ta rachete et ta faict son

1394 2709 2531 233 filz ⁊ son heritier/ quand tu estois en/

1394 2890 2527 237 core son ẽnemy. Et sil ta rachete quãd

1382 3075 2535 228 tu ne le congnoissois point encores, cõ

1382 3271 2543 225 bien plus te prendra il maintenant a

1382 3444 2527 233 mercy quand tu le congnois: ⁊ quand

1394 3629 2511 232 tu reqͥers mercy dune ferme foy ⁊ fiq̃/

1390 3809 2495 229 ce en luy? Et pour ce que lhomme ne

1398 3982 2475 229 peut icy uiure sans peche, pourtãt n

1386 4166 2499 233 peut il iamais satisfaire a Dieu pour

1410 4351 2463 221 ses pechez. Et pour ceste cause se rẽdra

1386 4532 2459 221 le Chrestien uoluntairemẽt a la mort

1394 4712 2438 229 poͬ lamour de Dieu, cõe Iesꝰ Chist

1390 4893 2410 229 a faict pour noꝰ/ Et par une telle uo

1390 5070 2414 237 luntaire mort laquelle est faicte uosũ

1394 5254 2451 237 taire par la foy ⁊ fiance, ⁊ aussiparla

1398 5435 2435 297 charite quon a en Dieu sont efacez et

863 1525 454 289 1.Ieh.2.

2342 658 920 245 De la mort.

3294 5624 543 241 estainctz
