4267 6225
1726 587 284 211 2z2

2232 570 1512 183 De deux gouuernemens.

1951 715 2103 260 la puissance seculiere: mais dautant q̃

1962 902 2083 201 tu nen as poĩt besoing poͬ toy, dautãt

1972 1068 2082 182 plus te conformeras tu/ ⁊ seruiras en

1965 1206 2080 191 cecy a ceux/ qͥ ne sont point sy fermes

1962 1355 2093 197 en leur foy cõe toy/ ⁊ qͥ en ont encore be

1986 1514 2066 194 soing/ ⁊ ce seulemẽt par charite en les

1965 1666 2087 198 supportãt en leur infirmite/ cõe Iesus

1951 1819 2108 207 Christ noꝰ a supporte ⁊ sest rẽdu con¬

1957 1981 2097 187 forme a noꝰ. Car iasoit q̃ par la ferme

1951 2144 2108 180 te de ta foy/ ⁊ charite q̃ tu as a dieu/ ti

1944 2296 2094 169 nas point besoing quõ punisse ton en

1941 2432 2092 172 nemy/ ꝑ ce q̃ tu ueulz uolũtiers souf¬

1951 2541 2082 239 frir iniure poͬ lamour de Iesu Christ,

1951 2692 2066 249 ton ꝓchain toutesfoys en a besoing/ ꝑ

1951 2856 2080 211 ce qͥl est encore foible/ pourtant layde¬

1948 2998 2083 232 ras tu/ affin qͥl puisse auoir paix/ et q̃

1944 3160 2084 225 son ennemy soit reprins/ et empesche

1944 3302 2084 228 de le nuire/ ce que ne se peut faire/ si ce

1934 3465 2094 214 nest q̃ la puissance tẽporelle soit entre¬

1934 3620 2080 208 tenue en honneur/ ⁊ en crainte. Iesus

1920 3762 2080 208 Christ ne dit poĩt. Tu ne seruiras/ ou

1917 3914 2080 218 ne seras point subiect a la puissance tẽ

1917 4070 2052 204 porelle/ mais il dit/ tu ne resisteras

1920 4219 2039 204 poĩt a mal. Cõe sil uouloit dire. Maĩ¬

1917 4364 2031 228 tiens toy tellemẽt q̃ tu soys patient/ q̃

1899 4516 2049 239 tu nayes que faire pour toy uẽger/ du

3588 4706 336 215 droit/

1510 1960 400 260 Eph.2.
