4267 6534
1470 609 334 240 eso

2458 609 828 189 Des riches.

1695 762 2187 232 Cest chose plus facile quun Chameau

1703 940 2171 214 passe par le trou dune esguille/ quun

1695 1096 2172 210 riche ẽtre au royaume des cieux. Poͬ¬

1710 1245 2175 225 tant fault il q̃ les riches se gardẽt que

1699 1404 2190 218 leurs richesses ne soyent leur uie eter¬

1699 1571 2175 214 nelle/ ⁊ qͥlz nayẽt autres choses apres

1699 1716 2168 218 leur mort. Cõe les enfans illegitimes

1703 1869 2160 229 dAbrahã/ lesquelz il desherita en leur

1703 2040 2150 217 donnãt un bon grand don. Ainsi don

1695 2196 2158 217 ne Dieu souuẽtesfoys a ceux qͥ ne se¬

1699 2355 2157 211 rõt point heritiers de la uie eternelle/

1695 2504 2161 225 les richesses ⁊ ꝓsperitez de ce mõde/ et

1699 2653 2161 225 les paye de cela. Et poͬtãt ne se doibt

1695 2809 2168 232 le riche iamais enorgueillir en ses ri¬

1703 2969 2135 232 chesses? mais sera tousioͬs en soussy/

1706 3129 2132 221 craignant q̃ Dieu ne le ueuille payer

1695 3288 2136 225 en ce mõde/ et quil naura autre chose.

1694 3424 2120 256 Pour ce dist S. Paul a Timothee: Cõ

1695 3597 2132 232 mande aux riches de ce siecle de nestre

1695 3757 2143 221 hautains/ ⁊ de point esperer en lincer¬

1692 3909 2128 221 titude des richesses/ mais en Dieu ui

1685 4072 2124 222 uant/ qͥ nous donne toutes choses abõ

1688 4221 2110 225 dãment pour en iouyr/ ⁊ si leur cõmq̃

1692 4370 2084 236 de de faire bien/ destre faictz riches en

1688 4526 2070 222 hõnes oeuures/ de facillemẽt donner/

1688 4682 2056 283 cõmuniquer/ et de soy thesaurizer un

3540 4875 218 254 hon

1215 3435 458 234 2.tim.6.
