4267 6400
2542 743 167 213 21

1066 725 761 195 Chapitre .ii.

416 878 2083 220 Et poͬ ceste cause sont yssues du coste

416 1045 2080 210 de Iesus Christ deux fontaines/ assa

416 1194 2055 206 uoir sang ⁊ eaue. Par son sang nous

412 1344 2069 199 a il rachete du diable. Par leaue nous

416 1489 2065 199 a il laue/ ⁊ purge (car nous estions

412 1635 2062 213 souillez et infectz) pour nous offrir

401 1795 2070 192 purs ⁊ netz a son pere. Cõme dit sainct

394 1936 2032 208 Paul aux Ephesiens/ ⁊ en plusieurs

384 2090 2069 217 autres passaiges. Il adõne soymesme

394 2243 2059 196 poͬ nous. Et leaue du baptesme signi

401 2392 2045 207 fie encore ceste eaue du coste de Iesus

391 2531 2048 217 Christ. En icelle sommes toꝰ purgez

412 2680 2034 221 ⁊ sanctifiez par nostre foy, affin que

405 2830 2052 213 puissions uenir purs et netz deuant

401 2983 2045 199 Dieu le pere/ qui nous a receu poͬ ces

394 3125 2063 220 enfans/ ⁊ nous a faict heritiers de sa

401 3278 2045 220 gloire/ auec son filz Iesꝰ Christ nostre

408 3427 2031 221 frere. Et ceste est la grace, laq̃lle nous

405 3580 1959 213 aduient, ⁊ est donnee au baptesme.

451 3729 1988 221 Mais affin q̃ ne soyõs ingratz pour

391 3879 2048 209 ceste grace/ nous nous obligeõs dere¬

391 4032 2037 213 chef ⁊ rendons a luy: promettans que

391 4177 2048 217 le uoulons seruir, ⁊ renians au dia¬

387 4323 2052 213 ble/ ⁊ a toute sa tentation/ pompe/ et

394 4476 2045 224 cõseil/ ⁊ promettans de seruir a Christ

387 4629 2062 245 crucifie pour nous. Et sur ceste pro¬

1621 4807 818 231 B 3 messe

2469 1930 416 230 Eph.5.
