4267 6358
1642 685 218 314 He

2582 692 812 198 Des moines.

1868 854 2119 209 a lesprit, pour ce, demeurẽt ilz si fron

1872 1020 2112 198 ⁊ laches, ⁊ ainsi recullent ilz plus, qͥlz

1868 1172 2137 194 ne uont auant en bonte. Et ont sou¬

1875 1321 2137 194 uentesfois uescu uingt ou trente ans

1872 1476 2137 198 en religiõ, ⁊ uallent alors moins qͥlz

1875 1635 2137 194 ne faisoyent a lentree. Car ilz nont la

1868 1787 2141 194 rien acquiz que bõne estimatiõ de eux

1868 1939 2137 197 mesmes, ⁊ de leurs bõnes oeuures, ⁊

1875 2087 2130 208 hypocrisie. Et nont point encore gou¬

1872 2253 2137 191 ste une foys la sobriete, ⁊ la petite esti

1861 2398 2141 191 matiõ que la personne spirituelle por/

1872 2553 2133 184 te en son coeur delle mesme. Car ilz de

1872 2688 2137 201 meurent tousiours en la chair, ⁊ en la

1872 2836 2123 201 lettre de leͬ reigle, ⁊ des cõmandemẽs

1868 2988 2123 194 et ne font rien par charite, ⁊ de coeur

1868 3143 2109 209 ioyeux. Et aussi longuement qͥlz gar

1872 3292 2098 197 dent ainsi leur reigle, ilz sont reprou¬

1882 3454 2098 187 uez de Dieu auec le Pharisiẽ au dix¬

1879 3599 2101 194 huitiesme chapitre de sainct Luc. Car

1423 3751 2536 208 Luce.18. si la loy de Moyse, ⁊ les ceremonies,

1879 3903 2063 194 lesq̃lles Dieu mesmes auoit institue,

1875 4051 2056 177 ne pouoyent nul iustifier/ ne sauuer

1886 4217 2031 166 (cõme escript S. Paul en toutes ses

1882 4362 2028 187 Epistres) cõbien moins pourra estre

1879 4510 2027 194 iustifie un moine par sa reigle/ ⁊ cere¬

1879 4659 2024 236 monies: lesquelles sont instituees dhõ

3645 4832 261 212 mes

1424 3881 440 7 Luce.18.
