4267 6400
2640 602 186 283 25

1066 643 850 185 Chapitre .ii.

440 796 2084 213 ce monde, il sera en la mort, cestadire,

423 949 2101 206 il mourra spirituellement, ⁊ sa uie se¬

430 1102 2098 202 ra abscõsee deuãt le mõde auec Dieu.

440 1262 2088 195 Uoicy maintenãt, uois bien cõment

433 1404 2098 203 nostre baptesme est signifie par la rou

440 1564 2077 196 ge mer, cõme escript sainct Paul aux

419 1703 2073 202 Corinthiẽs/ disant. Noz peres ont toꝰ

419 1848 2091 207 este soubz la nuee/ ⁊ ont tous passe la

416 2005 2083 203 mer/ ⁊ ont toꝰ este baptisez par Moy¬

419 2154 2084 206 se en la nuee/ ⁊ en la mer, ⁊ ont tous

419 2307 2084 185 mãge une mesme uiande spirituelle,

426 2474 2091 174 et ont tous beu un mesme beuurage

440 2606 2063 192 spirituel. Et tu uois pareillemẽt bien

448 2752 2065 202 quelle chose signifie le baptesme/ ⁊ q̃l¬

430 2912 2062 181 le chose nous promettons en iceluy.

529 3057 1988 192 Maintenãt, affin que soyõs tous¬

423 3203 2105 189 iours remẽbrans de ce que auons pro

426 3363 2091 185 mis, nous sommes lauez deaue. La

440 3505 2063 178 Foy que nous auõs au baptesme noꝰ

430 3655 2073 195 oste noz pechez. Et leaue nest aultre

423 3804 2083 199 chose que un signe, par leq̃l nous som

426 3964 2066 188 mes signez, que nous debuons estre

426 4106 2032 187 soubz lestandart, soubz la croix de Ie

430 4266 2069 185 sus Christ, ⁊ uaillamment batailler/

416 4405 2065 195 cõme les iuifz auoyent le signe de la

416 4561 2069 239 circoncision, par lequel on pouoit per¬

1525 4714 944 240 B 5 cepuoir

2521 1777 444 256 1.Cor.10.

2485 4112 411 229 Mat.11.
