4267 6457
1675 559 264 323 42

2713 660 689 190 De la foy

1894 799 2125 255 de Dieu/ assauoir/ a ceux qͥ auroient

1884 968 2117 219 creu au nom diceluy. Tout ce croyrõg

1880 1119 2121 233 nous fermemẽt/ ⁊ mettrõs dun ꝑfaict

1884 1287 2106 194 couraige toute nostre fiãce en Dieu/

1876 1420 2118 233 cõme fist Abraham. Car cõme escript

1874 1555 2096 247 saĩct Paul. Abraham a creu a Dieu/

1866 1736 1988 204 et ce luy a este repute pour iustice.

2013 1890 1952 208 Quand dun parfaict couraige noꝰ

1841 2037 2124 219 mettons ainsi toute nostre confidence

1848 2177 2106 226 en Dieu/ ⁊ en ses promesses/ il est im¬

1851 2346 2096 211 possibile que perissons. Car il nous a

1837 2485 2110 226 promis sa uie eternelle. Et pour ce qͥl

1841 2636 2088 226 peut toutes choses/ il nous peut bien

1826 2780 2089 229 tenir tout ce qͥl nous a ꝓmis. Et pour

1823 2927 2113 233 ce qͥl est misericordieux/ ⁊ ueritable/ il

1808 3081 2114 230 nous ueult tenir sa ꝓmesse/ si seulem̃t

1805 3232 2117 233 nous scauons croyre fermemẽt/ ⁊ met

1812 3375 2088 240 tre toute nostre fiance en luy. Car com

1805 3544 2088 215 me sans noz merites il noꝰ a faict ses

1805 3698 2070 208 enfans/ et ses heritiers au baptesme/

1801 3834 2056 215 ainsi nous peut il dõner ce quil noꝰ a

1797 3985 2050 226 promis/ iasoit q̃ ne lauõs point desser

1801 4139 2031 230 uy par noz oeuures si seulement nous

1808 4279 1425 215 scauons nous fier en luy.

1948 4426 1863 233 Pourtant ne se desconfortera nul¬

1801 4584 1999 262 ly. Car cõme tu nas point merite par

3617 4788 187 187 tes

1406 1463 458 323 Rom.4.
