4267 6200
2336 699 169 196 19¬

989 688 975 200 Chapitre .xxiiii.

379 850 1954 207 pays/ et autres riches gens qui uiuẽt

379 1029 1950 152 de leurs rentes. La tierce sont ancien¬

375 1157 1965 182 nes gens impotẽs/ ⁊ enfans. La quar

382 1298 1954 193 te sont gensdarmes meurtriers/ pail¬

375 1446 1954 186 lardz/ et paillardes. Ceux icy ne gai¬

386 1598 1933 182 gnent tous rien/ mais despẽdẽt tout.

382 1736 1937 189 La u. sont communs citoyẽs ou mes¬

368 1880 1958 190 nagiers/ qui par labeur gaignent les

365 2028 1964 197 despens de eux mesmes et des autres

355 2170 1981 196 quatre parties. Et aĩsi fault il quune

361 2314 1979 190 personne en nourrisse cinq. Si ne fust

368 2466 1979 172 q̃ Dieu pourueust merueilleusement

365 2590 1985 193 a nostre necessite/ comme seroit il pos¬

379 2728 1985 203 sible? Et pour ceste cause ay ie dit que

372 2883 2006 182 la uie des citoyens ou mesnagiers/ est

375 3013 1996 200 la plus salutaire selon lEuangile. Il

379 3172 1992 189 fault toutesfoys que le mesnagier uiẽ

382 3320 1992 193 ne ainsi au secours a son prochain/ et

392 3454 1968 207 quil le serue/ et cõforte/ comme iay dit

399 3602 1961 197 dessus/ par charite/ car nous sommes

392 3754 1962 196 tous freres ensembles/ ⁊ mẽbres dun

396 3899 1961 199 corps. Et pourtant sera le bon Chre¬

396 4036 1978 207 stien aussi triste/ et dolent du mal de

399 4195 1982 189 son prochain/ comme du sien. Comme

396 4329 1982 214 dit S. Paul. Resiouissez uoꝰ auec les

392 4477 1827 228 ioyeux/ et plorez auec les plorans.

1588 4632 793 241 N N Et si

2413 4364 399 193 Rom̃.12.
