4267 6461
1567 667 313 307 64

2525 717 696 205 De grace.

1842 883 2166 215 ste uie, il desrobe Dieu de sa bõte. Car

1838 1058 2166 194 Dieu nous a uolũtairement iustifie

1842 1206 2162 197 de soy mesme. Et nostre Seigneur a

1842 1363 2155 198 mesme dit en Leuãgile sainct Iehan:

1835 1518 2155 201 Nul ne peut uenir a moy/ si ce nest q̃

1835 1676 2166 197 mon pere/ qͥ ma enuoye/ le tire. Et en

1847 1830 2145 194 un autre passaige. Sans moy ne po¬

1842 1977 2148 191 uez uous rien faire. Et Dieu parle ꝑ

1831 2115 2161 216 le ꝓphete Ozee. O Israel/ ta ꝑditiõ

1842 2290 2148 186 uient de toy/ tant seulemẽt de moy te

1858 2439 2123 193 uient ayde. Et sainct Paul aux Ro¬

1828 2591 2169 172 mains. La uie eternelle nest poĩt a ce¬

1831 2742 2163 190 luy/ qͥ ueult/ ou qͥ court ap̃s/ mais elle

1842 2907 2155 165 est es mains/ et uolũte de Dieu/ de le

1846 3040 2112 183 dõner a qͥ il ueult par sa misericorde.

1932 3201 2058 183 Pourtant errant tous ceux qͥ cuy¬

1810 3354 2171 183 dent q̃ Dieu leur doibt la uie eternel¬

1842 3503 2130 197 le/ ou quilz lont desseruy/ quãd ilz on

1853 3650 2112 194 faict moult de bõnes oeuures. Car ce

1946 3801 1983 197 Dieu seulemẽt donne/ a qͥ il ueult/

1846 3951 2086 198 il luy ueulent tollir/ et oster hors des

1853 4117 2054 179 mains. Et ne rendent point graces a

1856 4257 2048 197 Dieu/ cõme fist sainct Paul aux Co¬

1826 4393 2069 215 lossenses/ disant. Nous rẽdõs graces

1849 4565 2051 191 a Dieu/ le Pere, qui uoꝰ a faict ydoi¬

1860 4720 2037 244 nes a la participatiõ de lestat/ et con¬

3555 4863 331 234 dition

1382 1410 406 216 Iehã.6.

1384 1814 442 199 Iehã.15.

1395 2126 436 216 Ozee.13.

1400 2455 442 199 Rom.9.

1400 4355 431 232 Colossẽ

1418 4544 273 190 ses.1.
