4267 7464
2749 771 298 211 125

1017 762 1147 241 Chapitre xiiii.

512 957 2336 253 Ainsi ne se doibt le Chrestiẽ point

393 1144 2430 236 deffier, iasoit quil ne trouue nul bien

381 1335 2438 232 en soymesme, ne en sa propre uertu/

377 1505 2446 228 mais se doibt du tout rendre a la mise

391 1691 2401 224 ricorde Diuine, ⁊ demander pardon

377 1849 2426 228 de son imperfectiõ auec une parfaicte

373 2040 2426 236 fiance, considerant quant grande cha

356 2197 2459 253 rite Iesus Christ luy a monstre. Et ce

366 2363 2457 286 faisant il acquiert une esperãce, ⁊ fiã¬

335 2566 2472 249 ce en la bonte de Dieu, ⁊ croit ferme¬

335 2749 2459 257 ment que ses pechez luy sont pardon¬

344 2919 2455 249 nez, nõ poĩt ꝑ ses bõnes oeuures (Car

356 3101 2451 232 quand ses bõnes oeuures sont accom

348 3259 2463 253 parees a la bõte de dieu, il ny a point

344 3454 2463 244 de cõparation) mais par Iesꝰ Christ

335 3611 2459 270 auq̃l il met sa fiãce. Car Iesus Christ

352 3806 2447 245 possede le royaume des cieux par dou

348 3972 2451 265 ble droit. Premierement, pourtant qͥl

364 4150 2435 262 est le filz de Dieu, ⁊ uray heritier de

381 4316 2418 282 son royaume. Secondement par ce qͥl

356 4503 2426 273 a gaigne par sa amere mort. Iesus

344 4677 2417 274 Christ na que faire de ce second droit,

348 4859 2422 270 ⁊ pourtant le dõne il a tous ceux qui

340 5038 2425 278 croyent, ⁊ se fient en luy, ⁊ en ses pro¬

335 5212 2430 274 messes. Car cõme Dieu le pere ayme

344 5394 2409 315 Iesus Christ, il ayme aussi tous ceux

2483 5622 282 257 qui
