4267 7123
1212 771 220 303 90

2089 775 1224 210 De Inobedience.

1491 1347 339 380 A

1599 985 2173 229 tons noꝰ mesmes par nostre ino

1611 1171 1892 206 bedience. Chapitre .x.

1842 1347 2068 214 Ceste heure fault il scauoir, que

1842 1495 2074 244 seulemẽt ceux qͥ seruent a Dieu

1448 1693 2466 214 par tel amour, sont enfans de Dieu ⁊

1448 1859 2458 234 ses heritiers, ⁊ serõt sauuez. Car celuy

1440 2037 2474 230 qui nest point acceptable uers dieu/ ⁊

1436 2216 2470 213 ne layme point ainsi, pour tout ce quil

1432 2386 2474 217 luy a ainsi faict de soymesme ⁊ uolun

1436 2580 2462 197 tairement donne, il est mesmes cause

1440 2726 2454 230 quil nest poĩt filz de dieu, ⁊ se faict in¬

1424 2912 2451 206 digne de toutes les ꝓmesses de Dieu.

1586 3062 2288 238 Cõme sil estoit quelque personna¬

1444 3260 2411 218 ge qui auroit gaigne grãd auoir par

1448 3426 2407 218 son labeur, ⁊ eust deux enfans: les

1432 3612 2427 210 deux enfans icy sont egallement pro¬

1432 3791 2423 205 chains aux biens de leur pere/ ⁊ lheri¬

1436 3965 2419 209 tage de leur pere, leur appartiẽt egal¬

1428 4135 2415 210 lement. Car ilz sont tous deux ses en¬

1436 4297 2395 226 fans. Mais si apres quilz sont uenuz

1424 4479 2395 218 a leage de discretion lun des deux est

1424 4653 2371 214 rebelle/ ⁊ desobeissãt a son pere/ ⁊ luy

1432 4823 2371 222 faict deshonneur, par tel moyen peut

1424 4994 2371 221 il estre cause de son desheritement. Il

1428 5176 2356 209 est naturelement filz, ⁊ heritier de la¬

1432 5350 2360 265 uoir de son pere aussi bien que son au¬

3570 5540 233 217 tre

921 3080 546 279 Exẽple.
