4267 6461
1752 646 237 204 60

2618 646 729 197 De grace.

1885 2196 307 302 A

1907 778 2148 270 Christ, ne fust assez uertueuse sãs noz

1917 947 2129 242 merites, pour nous ayder a paruenir

1928 1092 2118 270 au ciel. Pourtant (dis ie) ilz noꝰ fault

1917 1252 2116 251 seulement, ⁊ du tout fier en la grace ⁊

1907 1421 2122 226 misericorde de dieu/ sãs noz oeuures/

1903 1568 2126 244 ou Iesꝰ Christ ne noꝰ ꝓuffitera en riẽ.

2009 1739 2020 220 ¶ Comment par la seule grace de

2018 1880 2001 234 Dieu/ et autre chose nulle nous

2036 2024 1945 253 sommes sauuez. Chap. .ui.

2208 2175 1795 242 Ucun pourroit maintenãt dire.

2165 2340 1839 240 Ie scay bien q̃ Dieu est puissant

1882 2494 2115 223 assez/ poͬ moy sauuer sans mes oeu¬

1867 2645 2134 230 ures/ mais ie ne scay sil le uouldra fai

1860 2781 2119 252 re/ si ce nest q̃ ie uiue aussi auec ce iuste

1867 2946 2098 223 ment. Mes bõnes oeuures linduirõt

1856 3094 2102 226 par auẽture a moy iustifier/ ⁊ sauuer/

1849 3241 2109 240 autremẽt ne leust il point faict. Tous

1853 3399 2094 240 ceux qͥ dient/ ou cuident cela/ ilz blas¬

1849 3553 2091 237 phement (comme ay dit) contre la bõ¬

1849 3700 2076 244 te de Dieu/ comme si Dieu ne fut

1842 3858 2062 230 point de soy mesme misericordieux/

1835 4005 2051 226 et bon assez/ sil ne fust premier in¬

1838 4174 2033 208 cite ꝑ noz oeuures a misericorde. Non

1842 4301 2031 254 obstãt q̃ sainct Paul dit/ q̃ la ꝓmesse

1835 4468 2008 237 na point este faicte a Abrahã ꝑ la loy/

1835 4619 2015 291 mais par la iustice de la foy. Et ueu

3555 4813 288 230 aussi

1363 4307 463 226 Rom.4.
