<?xml version="1.0" encoding="UTF-8"?>
<alto xmlns:xsi="http://www.w3.org/2001/XMLSchema-instance"
      xmlns="http://www.loc.gov/standards/alto/ns-v4#"
      xsi:schemaLocation="http://www.loc.gov/standards/alto/ns-v4# http://www.loc.gov/standards/alto/v4/alto-4-2.xsd">
  <Description>
    <MeasurementUnit>pixel</MeasurementUnit>
    <sourceImageInformation>
      <fileName>La_somme_de_lescripture_saincte_...Luther_Martin_bpt6k328613m.pdf_page_208.png</fileName>
      <fileIdentifier>pdf//La_somme_de_lescripture_saincte_...Luther_Martin_bpt6k328613m.pdf</fileIdentifier>
    </sourceImageInformation>
  </Description>
  <Tags>
    <OtherTag ID="BT7" LABEL="CustomZone" DESCRIPTION="block type CustomZone"/><OtherTag ID="BT8" LABEL="DamageZone" DESCRIPTION="block type DamageZone"/><OtherTag ID="BT9" LABEL="DigitizationArtefactZone" DESCRIPTION="block type DigitizationArtefactZone"/><OtherTag ID="BT10" LABEL="DropCapitalZone" DESCRIPTION="block type DropCapitalZone"/><OtherTag ID="BT11" LABEL="GraphicZone" DESCRIPTION="block type GraphicZone"/><OtherTag ID="BT12" LABEL="MainZone" DESCRIPTION="block type MainZone"/><OtherTag ID="BT13" LABEL="MarginTextZone" DESCRIPTION="block type MarginTextZone"/><OtherTag ID="BT14" LABEL="MusicZone" DESCRIPTION="block type MusicZone"/><OtherTag ID="BT15" LABEL="NumberingZone" DESCRIPTION="block type NumberingZone"/><OtherTag ID="BT17" LABEL="QuireMarksZone" DESCRIPTION="block type QuireMarksZone"/><OtherTag ID="BT18" LABEL="RunningTitleZone" DESCRIPTION="block type RunningTitleZone"/><OtherTag ID="BT19" LABEL="SealZone" DESCRIPTION="block type SealZone"/><OtherTag ID="BT20" LABEL="StampZone" DESCRIPTION="block type StampZone"/><OtherTag ID="BT21" LABEL="TableZone" DESCRIPTION="block type TableZone"/><OtherTag ID="BT22" LABEL="TitlePageZone" DESCRIPTION="block type TitlePageZone"/><OtherTag ID="BT3120" LABEL="text" DESCRIPTION="block type text"/>
    <OtherTag ID="LT7" LABEL="CustomLine" DESCRIPTION="line type CustomLine"/><OtherTag ID="LT8" LABEL="DefaultLine" DESCRIPTION="line type DefaultLine"/><OtherTag ID="LT9" LABEL="DropCapitalLine" DESCRIPTION="line type DropCapitalLine"/><OtherTag ID="LT10" LABEL="HeadingLine" DESCRIPTION="line type HeadingLine"/><OtherTag ID="LT11" LABEL="InterlinearLine" DESCRIPTION="line type InterlinearLine"/><OtherTag ID="LT12" LABEL="MusicLine" DESCRIPTION="line type MusicLine"/><OtherTag ID="LT958" LABEL="default" DESCRIPTION="line type default"/>
  </Tags>
  <Layout>
    <Page WIDTH="4267"
          HEIGHT="6400"
          PHYSICAL_IMG_NR="207"
          ID="eSc_dummypage_">
      <PrintSpace HPOS="0"
                  VPOS="0"
                  WIDTH="4267"
                  HEIGHT="6400">
        <TextBlock HPOS="1658"
                   VPOS="571"
                   WIDTH="397"
                   HEIGHT="172"
                   ID="eSc_textblock_158ba363"
                   TAGREFS="BT15">
          <Shape><Polygon POINTS="1658 571 1658 732 2055 743 2052 571"/></Shape>
          <TextLine ID="eSc_line_097efd88"
                    TAGREFS="LT8"
                    BASELINE="1696 693 2026 686" 
                    HPOS="1696"
                    VPOS="568"
                    WIDTH="330"
                    HEIGHT="221">
            <Shape><Polygon POINTS="1977 572 1941 568 1905 568 1902 568 1891 572 1877 568 1870 568 1834 568 1817 568 1763 615 1710 615 1696 657 1696 693 1699 789 1806 760 1941 789 1945 789 1948 789 2026 746 2026 686 2023 590 1991 572 1977 572"/></Shape>
            <String CONTENT="204."
                    HPOS="1696"
                    VPOS="568"
                    WIDTH="330"
                    HEIGHT="221"
                    WC="0.9972344785928726"></String>
          </TextLine>
        </TextBlock>
        <TextBlock HPOS="2393"
                   VPOS="563"
                   WIDTH="1225"
                   HEIGHT="204"
                   ID="eSc_textblock_a319251a"
                   TAGREFS="BT18">
          <Shape><Polygon POINTS="2393 563 2393 749 3618 767 3618 563"/></Shape>
          <TextLine ID="eSc_line_ce722f12"
                    TAGREFS="LT10"
                    BASELINE="2417 700 3594 711" 
                    HPOS="2410"
                    VPOS="579"
                    WIDTH="1184"
                    HEIGHT="206">
            <Shape><Polygon POINTS="3562 600 3328 600 3296 590 3267 590 3232 590 3196 590 3161 590 3154 590 3129 597 3093 586 3090 586 3054 586 3018 586 2983 586 2947 586 2912 586 2876 583 2866 583 2841 583 2805 583 2769 583 2734 583 2698 583 2663 583 2627 579 2592 579 2556 579 2521 579 2485 579 2464 593 2414 593 2414 700 2410 753 2513 775 2517 775 2521 775 2624 743 2801 743 2873 771 2876 771 2880 771 2958 757 3178 778 3182 778 3186 778 3267 757 3385 782 3388 782 3392 782 3459 750 3498 782 3502 782 3506 782 3509 785 3591 785 3594 711 3587 615"/></Shape>
            <String CONTENT="La uie dun citoyen."
                    HPOS="2410"
                    VPOS="579"
                    WIDTH="1184"
                    HEIGHT="206"
                    WC="0.995105548908836"></String>
          </TextLine>
        </TextBlock>
        <TextBlock HPOS="1872"
                   VPOS="755"
                   WIDTH="2203"
                   HEIGHT="3962"
                   ID="eSc_textblock_ec99b531"
                   TAGREFS="BT12">
          <Shape><Polygon POINTS="1875 755 1872 4699 3986 4717 4075 776"/></Shape>
          <TextLine ID="eSc_line_3fb98f11"
                    TAGREFS="LT8"
                    BASELINE="1923 881 2873 881 4042 920" 
                    HPOS="1923"
                    VPOS="746"
                    WIDTH="2119"
                    HEIGHT="228">
            <Shape><Polygon POINTS="3950 789 3943 785 3858 782 3843 782 3808 778 3783 775 3769 775 3765 775 3762 775 3758 775 3730 796 3612 778 3609 778 3513 792 3402 768 3399 768 3161 778 3122 760 3118 760 3114 760 2823 778 2745 753 2741 753 2737 753 2467 771 2428 746 2425 746 2421 746 2417 746 1923 757 1923 881 1923 931 2097 917 2215 938 2218 938 2222 938 2275 920 2304 942 2307 942 2311 942 2314 942 2432 924 2553 945 2556 945 2560 945 2627 928 2709 949 2713 949 2716 949 2798 931 2823 952 2826 952 2830 952 2833 952 2958 935 3015 956 3018 956 3022 956 3122 938 3370 963 3374 963 3552 949 3580 967 3584 967 3587 967 3591 967 3687 949 3719 970 3722 970 3726 970 3730 970 3836 952 4035 974 4042 920 4042 796 3950 789 3950 789"/></Shape>
            <String CONTENT="sumptueux charpentaiges ou achetãt"
                    HPOS="1923"
                    VPOS="746"
                    WIDTH="2119"
                    HEIGHT="228"
                    WC="0.9943872468812125"></String>
          </TextLine>
          <TextLine ID="eSc_line_49d3e176"
                    TAGREFS="LT8"
                    BASELINE="1930 1024 4039 1066" 
                    HPOS="1927"
                    VPOS="906"
                    WIDTH="2112"
                    HEIGHT="221">
            <Shape><Polygon POINTS="1930 1024 1927 1077 2076 1063 2286 1095 2289 1095 2457 1070 2670 1102 2673 1102 2958 1080 2986 1105 2986 1109 2990 1109 2994 1109 2997 1109 3001 1109 3086 1088 3157 1112 3161 1112 3164 1112 3168 1112 3235 1088 3424 1088 3506 1120 3509 1120 3982 1127 3986 1127 3989 1127 4035 1105 4039 1066 4039 963 3605 956 3513 928 3509 928 3331 928 3328 928 3324 928 3321 928 3296 945 3100 924 3097 924 3093 924 3018 942 2912 920 2908 920 2905 920 2848 935 2816 913 2812 913 2809 913 2805 913 2681 928 2581 910 2577 910 2574 910 2528 931 2460 906 2457 906 2453 906 2449 906 2361 928 2176 906 2172 906 2169 906 2133 924 2044 906 2041 906 1930 917 1930 1024"/></Shape>
            <String CONTENT="pompeux chasteaux par mesnagepar"
                    HPOS="1927"
                    VPOS="906"
                    WIDTH="2112"
                    HEIGHT="221"
                    WC="0.9996524713933468"></String>
          </TextLine>
          <TextLine ID="eSc_line_a5bb99ad"
                    TAGREFS="LT8"
                    BASELINE="1930 1173 4046 1219" 
                    HPOS="1927"
                    VPOS="1059"
                    WIDTH="2119"
                    HEIGHT="221">
            <Shape><Polygon POINTS="4039 1105 1930 1059 1930 1173 1927 1216 2026 1216 2076 1237 2080 1237 2083 1237 2193 1216 2286 1244 2289 1244 2293 1244 2535 1223 2624 1251 2627 1251 2631 1251 2823 1237 3068 1262 3072 1262 3196 1237 3225 1255 3228 1255 3232 1255 3235 1255 3385 1240 3413 1262 3417 1262 3420 1262 3424 1262 3427 1262 3498 1244 3552 1272 3555 1272 3559 1272 3673 1248 3712 1276 3715 1276 3719 1276 3882 1280 3886 1280 3890 1280 3893 1280 3925 1255 4042 1251 4046 1219 4046 1134 4039 1105"/></Shape>
            <String CONTENT="uaine gloire/ ou faisant precieux ue¬"
                    HPOS="1927"
                    VPOS="1059"
                    WIDTH="2119"
                    HEIGHT="221"
                    WC="0.9807809929589968"></String>
          </TextLine>
          <TextLine ID="eSc_line_585bba3f"
                    TAGREFS="LT8"
                    BASELINE="1923 1329 4039 1368" 
                    HPOS="1920"
                    VPOS="1198"
                    WIDTH="2119"
                    HEIGHT="231">
            <Shape><Polygon POINTS="4028 1265 3701 1262 3651 1230 3648 1230 3644 1230 3641 1230 3637 1230 3580 1258 3466 1258 3420 1226 3417 1226 3413 1226 3260 1226 3257 1226 3253 1226 3250 1226 3218 1248 3136 1230 3132 1230 3129 1230 3125 1230 3097 1248 2930 1219 2926 1219 2922 1219 2841 1240 2812 1216 2809 1216 2805 1216 2801 1216 2798 1216 2698 1240 2641 1223 2638 1223 2634 1223 2503 1237 2460 1208 2457 1208 2453 1208 2449 1208 2446 1208 2396 1233 2268 1230 2240 1205 2236 1205 2233 1205 2229 1205 2112 1230 1923 1198 1923 1329 1920 1383 2457 1383 2478 1400 2481 1400 2485 1400 2489 1400 2602 1386 2631 1404 2634 1404 2638 1404 2641 1404 2841 1390 2876 1411 2880 1411 2883 1411 3075 1415 3079 1415 3232 1397 3274 1418 3278 1418 3282 1418 3392 1404 3456 1422 3459 1422 3463 1422 3466 1422 3516 1404 3587 1422 3591 1422 3594 1422 3826 1408 4032 1429 4039 1368 4039 1329 4028 1265"/></Shape>
            <String CONTENT="stemens/ ou en delicates uiandes/ ou"
                    HPOS="1920"
                    VPOS="1198"
                    WIDTH="2119"
                    HEIGHT="231"
                    WC="0.9896220217148463"></String>
          </TextLine>
          <TextLine ID="eSc_line_41ae30a3"
                    TAGREFS="LT8"
                    BASELINE="1920 1479 4032 1514" 
                    HPOS="1916"
                    VPOS="1368"
                    WIDTH="2116"
                    HEIGHT="210">
            <Shape><Polygon POINTS="1920 1479 1916 1532 1994 1546 1998 1546 2001 1546 2005 1546 2005 1543 2026 1525 2126 1525 2460 1553 2464 1553 2467 1553 2535 1532 2641 1557 2645 1557 2876 1539 2972 1564 2976 1564 2979 1564 3235 1546 3257 1564 3257 1568 3260 1568 3264 1568 3267 1568 3491 1550 3534 1571 3538 1571 3541 1571 3545 1571 3609 1550 3818 1578 3822 1578 3936 1557 3982 1578 3986 1578 3989 1578 3993 1578 3996 1578 4028 1553 4032 1514 4032 1415 3865 1415 3826 1390 3822 1390 3818 1390 3815 1390 3616 1408 3548 1386 3545 1386 3541 1386 3395 1404 3132 1383 3129 1383 2990 1397 2940 1376 2937 1376 2933 1376 2777 1393 2755 1376 2755 1372 2752 1372 2748 1372 2745 1372 2567 1390 2553 1372 2549 1372 2549 1368 2545 1368 2542 1368 1920 1368 1920 1479"/></Shape>
            <String CONTENT="beuuraiges. Car tout ce que tu despẽs"
                    HPOS="1916"
                    VPOS="1368"
                    WIDTH="2116"
                    HEIGHT="210"
                    WC="0.9957252850658015"></String>
          </TextLine>
          <TextLine ID="eSc_line_5d64d7ae"
                    TAGREFS="LT8"
                    BASELINE="1913 1632 4046 1674" 
                    HPOS="1909"
                    VPOS="1525"
                    WIDTH="2137"
                    HEIGHT="203">
            <Shape><Polygon POINTS="1913 1632 1909 1667 2108 1699 2112 1699 2485 1685 2506 1703 2506 1706 2510 1706 2513 1706 2627 1710 2631 1710 2969 1699 3171 1720 3175 1720 3335 1699 3502 1699 3523 1720 3523 1724 3527 1724 3530 1724 3534 1724 3538 1724 3605 1706 3626 1728 3630 1728 3634 1728 3637 1728 3641 1728 3690 1710 4039 1720 4046 1674 4046 1568 3705 1543 3701 1543 3559 1557 3534 1539 3530 1539 3527 1539 3523 1539 3349 1553 3136 1532 3132 1532 2997 1546 2812 1525 1913 1525 1913 1632"/></Shape>
            <String CONTENT="ainsi outrageufement/ tu le desrobe a"
                    HPOS="1909"
                    VPOS="1525"
                    WIDTH="2137"
                    HEIGHT="203"
                    WC="0.9800043589360005"></String>
          </TextLine>
          <TextLine ID="eSc_line_979eee71"
                    TAGREFS="LT8"
                    BASELINE="1920 1799 2474 1795 4032 1827" 
                    HPOS="1916"
                    VPOS="1664"
                    WIDTH="2116"
                    HEIGHT="220">
            <Shape><Polygon POINTS="1920 1799 1916 1831 2001 1852 2005 1852 2403 1834 2609 1863 2613 1863 2848 1848 2898 1866 2901 1866 2905 1866 2908 1866 2951 1845 3210 1845 3260 1873 3264 1873 3267 1873 3619 1856 4025 1884 4032 1827 4032 1713 3875 1696 3872 1696 3868 1696 3865 1696 3829 1720 3698 1692 3694 1692 3690 1692 3644 1717 3559 1696 3555 1696 3552 1696 3548 1696 3502 1713 3424 1685 3420 1685 3324 1685 3321 1685 3317 1685 3271 1710 2734 1685 2730 1685 2613 1699 2560 1681 2556 1681 2553 1681 2460 1696 2414 1667 2410 1667 2407 1667 2403 1667 2272 1692 2208 1664 2204 1664 2201 1664 2197 1664 2193 1664 2158 1688 2069 1664 2065 1664 2062 1664 1920 1664 1920 1799"/></Shape>
            <String CONTENT="Dieu et aux paoures. Tu ne peuz"
                    HPOS="1916"
                    VPOS="1664"
                    WIDTH="2116"
                    HEIGHT="220"
                    WC="0.9990853167349293"></String>
          </TextLine>
          <TextLine ID="eSc_line_af0ba2ab"
                    TAGREFS="LT8"
                    BASELINE="1913 1934 4032 1969" 
                    HPOS="1909"
                    VPOS="1813"
                    WIDTH="2123"
                    HEIGHT="224">
            <Shape><Polygon POINTS="1909 1976 2065 2005 2069 2005 2240 1987 2332 2012 2336 2012 2339 2012 2513 1991 2538 2012 2538 2016 2542 2016 2545 2016 3072 2023 3075 2023 3079 2023 3132 2001 3193 2026 3196 2026 3200 2026 3363 2008 3395 2030 3399 2030 3402 2030 3687 2033 3690 2033 3694 2033 3747 2016 3922 2037 3925 2037 3929 2037 3932 2037 3932 2033 3954 2016 4028 2016 4032 1969 4025 1859 3865 1873 3666 1845 3662 1845 3658 1845 3612 1866 3545 1841 3541 1841 3538 1841 3534 1841 3449 1866 3186 1866 2898 1831 2894 1831 2602 1852 2496 1824 2492 1824 2489 1824 2485 1824 2400 1848 2339 1820 2336 1820 2332 1820 1984 1841 1916 1813 1913 1934 1909 1976"/></Shape>
            <String CONTENT="mal user de tes biẽs comme tu ueux/"
                    HPOS="1909"
                    VPOS="1813"
                    WIDTH="2123"
                    HEIGHT="224"
                    WC="0.9993421882390976"></String>
          </TextLine>
          <TextLine ID="eSc_line_0bb88f3a"
                    TAGREFS="LT8"
                    BASELINE="1909 2087 4028 2129" 
                    HPOS="1905"
                    VPOS="1969"
                    WIDTH="2123"
                    HEIGHT="228">
            <Shape><Polygon POINTS="1909 2087 1905 2133 2261 2161 2265 2161 2393 2144 2457 2165 2460 2165 2464 2165 2741 2151 2787 2172 2791 2172 2794 2172 2887 2154 2908 2172 2912 2172 2915 2172 2919 2172 2922 2172 2965 2158 3164 2179 3168 2179 3410 2165 3502 2186 3506 2186 3509 2186 3644 2168 3676 2190 3680 2190 3683 2190 3687 2190 3815 2172 3843 2193 3847 2193 3850 2193 3854 2197 4025 2197 4028 2129 4025 2005 3890 2030 3854 2001 3850 2001 3847 2001 3843 2001 3602 2023 3538 1998 3534 1998 3530 1998 3367 2019 3328 1991 3324 1991 3321 1991 3317 1991 3314 1991 3257 2008 3097 1987 3093 1987 3090 1987 3008 2012 2937 1991 2933 1991 2930 1991 2926 1991 2858 2008 2570 2005 2545 1980 2545 1976 2542 1976 2538 1976 2535 1976 2417 1998 2222 1969 2218 1969 1909 1987 1909 2087"/></Shape>
            <String CONTENT="car Dieu les te a preste pour en bien"
                    HPOS="1905"
                    VPOS="1969"
                    WIDTH="2123"
                    HEIGHT="228"
                    WC="0.9879596442789644"></String>
          </TextLine>
          <TextLine ID="eSc_line_fc866e7f"
                    TAGREFS="LT8"
                    BASELINE="1916 2243 4018 2272" 
                    HPOS="1913"
                    VPOS="2129"
                    WIDTH="2105"
                    HEIGHT="192">
            <Shape><Polygon POINTS="1916 2243 1913 2296 4010 2321 4018 2272 4014 2168 3843 2176 3744 2147 3740 2147 3737 2147 3733 2147 3680 2172 3374 2172 3338 2147 3335 2147 3331 2147 3328 2147 3324 2147 3250 2168 2983 2168 2954 2140 2954 2136 2951 2136 2947 2136 2944 2136 2705 2161 2577 2133 2574 2133 2460 2158 2375 2133 2371 2133 2368 2133 2364 2133 2297 2154 2265 2133 2261 2133 2257 2133 1916 2129 1916 2243"/></Shape>
            <String CONTENT="user en toute raisõ/ ⁊ poͬ diceux secou"
                    HPOS="1913"
                    VPOS="2129"
                    WIDTH="2105"
                    HEIGHT="192"
                    WC="0.992535749077797"></String>
          </TextLine>
          <TextLine ID="eSc_line_54dc8261"
                    TAGREFS="LT8"
                    BASELINE="1905 2389 3996 2417" 
                    HPOS="1902"
                    VPOS="2272"
                    WIDTH="2094"
                    HEIGHT="202">
            <Shape><Polygon POINTS="1905 2389 1902 2432 1934 2449 1937 2449 1941 2449 1945 2449 2073 2432 2097 2449 2101 2449 2105 2449 2375 2453 2378 2453 2382 2453 2428 2435 2506 2456 2510 2456 2894 2460 2898 2460 2901 2460 2933 2442 2958 2464 2962 2464 2965 2464 2969 2464 3210 2446 3989 2474 3996 2417 3996 2314 3466 2293 3463 2293 2954 2307 2844 2286 2841 2286 2698 2304 2567 2304 2549 2286 2549 2282 2545 2282 2542 2282 2538 2282 2535 2282 2464 2300 2432 2279 2428 2279 2425 2279 2421 2279 2211 2296 2169 2275 2165 2275 2161 2275 2033 2293 1905 2272 1905 2389"/></Shape>
            <String CONTENT="rir et ayder aux paoures de Dieu, cõ"
                    HPOS="1902"
                    VPOS="2272"
                    WIDTH="2094"
                    HEIGHT="202"
                    WC="0.9993528111560924"></String>
          </TextLine>
          <TextLine ID="eSc_line_61b2d0f8"
                    TAGREFS="LT8"
                    BASELINE="1905 2538 3082 2545 3989 2577" 
                    HPOS="1902"
                    VPOS="2417"
                    WIDTH="2087"
                    HEIGHT="207">
            <Shape><Polygon POINTS="1905 2538 1902 2577 2521 2599 2524 2599 2851 2584 2876 2602 2880 2602 2883 2602 2887 2602 3143 2588 3282 2606 3285 2606 3353 2592 3374 2609 3378 2609 3381 2609 3385 2609 3527 2595 3602 2616 3605 2616 3609 2616 3722 2599 3776 2620 3779 2620 3783 2624 3986 2624 3989 2577 3986 2464 3811 2464 3786 2442 3786 2439 3783 2439 3779 2439 3776 2439 3527 2456 3498 2435 3495 2435 3491 2435 3356 2432 3122 2432 3118 2432 3114 2432 3111 2432 3082 2449 2908 2428 2905 2428 2901 2428 2833 2446 2809 2424 2805 2424 2801 2424 2798 2424 2698 2442 2364 2442 2279 2417 2275 2417 2272 2417 2268 2417 2201 2435 2019 2417 2016 2417 1905 2432 1905 2538"/></Shape>
            <String CONTENT="me enseigne S. Paul. Tu te uesti¬"
                    HPOS="1902"
                    VPOS="2417"
                    WIDTH="2087"
                    HEIGHT="207"
                    WC="0.9951465111790281"></String>
          </TextLine>
          <TextLine ID="eSc_line_533fddaf"
                    TAGREFS="LT8"
                    BASELINE="1909 2677 3082 2691 3996 2730" 
                    HPOS="1905"
                    VPOS="2556"
                    WIDTH="2091"
                    HEIGHT="213">
            <Shape><Polygon POINTS="1909 2677 1905 2723 3989 2769 3996 2730 3993 2609 3801 2616 3769 2592 3765 2592 3762 2592 3651 2588 3648 2588 3644 2588 3641 2588 3609 2613 3402 2581 3399 2581 3065 2599 2954 2570 2951 2570 2947 2570 2809 2595 2773 2567 2769 2567 2766 2567 2762 2567 2759 2567 2691 2592 2613 2570 2609 2570 2606 2570 2602 2570 2599 2570 2577 2588 2375 2588 2229 2556 2225 2556 1909 2574 1909 2677"/></Shape>
            <String CONTENT="ras/ beuueras/ mãgeras selon la plus"
                    HPOS="1905"
                    VPOS="2556"
                    WIDTH="2091"
                    HEIGHT="213"
                    WC="0.9806955472843067"></String>
          </TextLine>
          <TextLine ID="eSc_line_04583145"
                    TAGREFS="LT8"
                    BASELINE="1905 2826 3129 2844 4010 2880" 
                    HPOS="1902"
                    VPOS="2702"
                    WIDTH="2108"
                    HEIGHT="231">
            <Shape><Polygon POINTS="1905 2826 1902 2872 1987 2865 2108 2890 2112 2890 2115 2890 2179 2869 2254 2894 2257 2894 2432 2897 2435 2897 2439 2897 2481 2876 2503 2897 2503 2901 2506 2901 2510 2901 2513 2901 2613 2880 2723 2904 2727 2904 3093 2890 3449 2922 3452 2922 3673 2904 3712 2929 3715 2929 3719 2929 4003 2933 4010 2880 4010 2744 3882 2769 3634 2744 3630 2744 3470 2755 3413 2730 3410 2730 3406 2730 3299 2755 3207 2727 3203 2727 3200 2727 2983 2748 2801 2716 2798 2716 2794 2716 2723 2741 2563 2741 2545 2716 2542 2716 2542 2712 2538 2712 2535 2712 2531 2712 2304 2720 2193 2702 2190 2702 1905 2723 1905 2826"/></Shape>
            <String CONTENT="raisõnable coustume du pays auquel"
                    HPOS="1902"
                    VPOS="2702"
                    WIDTH="2108"
                    HEIGHT="231"
                    WC="0.9945182272366115"></String>
          </TextLine>
          <TextLine ID="eSc_line_1a8cd5d0"
                    TAGREFS="LT8"
                    BASELINE="1909 2976 3427 3008 4014 3036" 
                    HPOS="1905"
                    VPOS="2872"
                    WIDTH="2109"
                    HEIGHT="214">
            <Shape><Polygon POINTS="1909 2976 1905 3011 2137 3043 2140 3043 2282 3022 2385 3022 2421 3050 2425 3050 2428 3050 2432 3050 2542 3029 2567 3050 2567 3054 2570 3054 2574 3054 2577 3054 2688 3040 2713 3057 2716 3057 2720 3057 3004 3061 3008 3061 3129 3043 3164 3064 3168 3064 3171 3064 3175 3064 3289 3047 3356 3072 3360 3072 3363 3072 3470 3054 3637 3075 3641 3075 3644 3075 3683 3057 3722 3082 3726 3082 3730 3082 3890 3086 3893 3086 4010 3064 4014 3036 4014 2926 3765 2922 3744 2901 3740 2901 3737 2901 3733 2901 3591 2915 3530 2890 3527 2890 3523 2890 3520 2890 3474 2912 3452 2890 3452 2887 3449 2887 3445 2887 3442 2887 3218 2904 3161 2880 3157 2880 3154 2880 2937 2897 2873 2872 2869 2872 2866 2872 1909 2872 1909 2976"/></Shape>
            <String CONTENT="iu demeure, et selon la coustume ⁊ ma"
                    HPOS="1905"
                    VPOS="2872"
                    WIDTH="2109"
                    HEIGHT="214"
                    WC="0.9988433009869343"></String>
          </TextLine>
          <TextLine ID="eSc_line_f36c6d40"
                    TAGREFS="LT8"
                    BASELINE="1909 3128 2677 3139 4007 3185" 
                    HPOS="1905"
                    VPOS="3000"
                    WIDTH="2102"
                    HEIGHT="242">
            <Shape><Polygon POINTS="1909 3128 1905 3178 2083 3189 2087 3189 2197 3168 2265 3192 2268 3192 2272 3192 2275 3192 2279 3192 2279 3189 2300 3171 2432 3171 2560 3203 2563 3203 2673 3182 2709 3207 2713 3207 2716 3207 2720 3207 2723 3207 2798 3185 2866 3210 2869 3210 2873 3210 2969 3200 3040 3217 3043 3217 3047 3217 3143 3196 3171 3221 3175 3221 3178 3221 3282 3224 3285 3224 3395 3203 3655 3228 3658 3228 3762 3214 3886 3242 3890 3242 4003 3217 4007 3185 4007 3079 3829 3054 3826 3054 3822 3054 3779 3075 3733 3050 3730 3050 3726 3050 3637 3068 3527 3050 3523 3050 3303 3061 3260 3036 3257 3036 3253 3036 3047 3029 3043 3029 3040 3029 2976 3047 2809 3029 2805 3029 2606 3040 2570 3015 2567 3015 2563 3015 2560 3015 2343 3032 2318 3011 2318 3008 2314 3008 2311 3008 2307 3008 2304 3008 2236 3029 1984 3000 1980 3000 1977 3000 1909 3018 1909 3128"/></Shape>
            <String CONTENT="niere des bons mesnagiers. Car ce"
                    HPOS="1905"
                    VPOS="3000"
                    WIDTH="2102"
                    HEIGHT="242"
                    WC="0.9908457163608435"></String>
          </TextLine>
          <TextLine ID="eSc_line_96a0c9f1"
                    TAGREFS="LT8"
                    BASELINE="1920 3292 2958 3299 4000 3335" 
                    HPOS="1916"
                    VPOS="3160"
                    WIDTH="2084"
                    HEIGHT="232">
            <Shape><Polygon POINTS="1920 3292 1916 3342 2080 3328 2293 3356 2297 3356 2496 3338 2670 3363 2673 3363 2784 3342 2894 3367 2898 3367 3250 3352 3303 3377 3306 3377 3310 3377 3314 3377 3367 3356 3694 3384 3698 3384 3701 3384 3783 3363 3829 3388 3833 3388 3836 3392 3961 3392 3961 3388 3964 3388 3968 3388 3996 3363 4000 3335 3996 3210 3829 3221 3740 3192 3737 3192 3438 3189 3434 3189 3314 3210 3161 3182 3157 3182 3154 3182 3072 3203 3015 3178 3011 3178 3008 3178 2887 3200 2791 3171 2787 3171 2784 3171 2617 3196 2439 3164 2435 3164 2293 3189 2257 3160 2254 3160 2250 3160 2247 3160 2243 3160 2165 3182 1969 3160 1966 3160 1962 3160 1920 3178 1920 3292"/></Shape>
            <String CONTENT="peuz tu faire selon la saincte Euangi"
                    HPOS="1916"
                    VPOS="3160"
                    WIDTH="2084"
                    HEIGHT="232"
                    WC="0.9886890794779803"></String>
          </TextLine>
          <TextLine ID="eSc_line_a5fa1381"
                    TAGREFS="LT8"
                    BASELINE="1909 3434 3989 3480" 
                    HPOS="1905"
                    VPOS="3320"
                    WIDTH="2084"
                    HEIGHT="217">
            <Shape><Polygon POINTS="1909 3434 1905 3473 1959 3495 1962 3495 1966 3495 1969 3495 2030 3477 2272 3495 2275 3495 2378 3480 2414 3505 2417 3505 2421 3505 2709 3512 2713 3512 2855 3491 2883 3512 2883 3516 2887 3516 2890 3516 2894 3516 3001 3495 3150 3516 3154 3516 3157 3516 3161 3516 3186 3498 3210 3520 3214 3520 3218 3520 3221 3520 3427 3505 3509 3530 3513 3530 3516 3530 3520 3530 3591 3509 3843 3537 3847 3537 3986 3512 3989 3480 3989 3384 3666 3352 3662 3352 3577 3370 3509 3349 3506 3349 3502 3349 3225 3363 3082 3345 3079 3345 2873 3356 2841 3335 2837 3335 2833 3335 2830 3335 2709 3352 2649 3331 2645 3331 2641 3331 2556 3349 2371 3345 2353 3328 2353 3324 2350 3324 2346 3324 2343 3324 2339 3324 2282 3342 2229 3320 2225 3320 2222 3320 1909 3328 1909 3434"/></Shape>
            <String CONTENT="le. Tu ne peuz iamais mentir/ iurer/"
                    HPOS="1905"
                    VPOS="3320"
                    WIDTH="2084"
                    HEIGHT="217"
                    WC="0.9900108195013471"></String>
          </TextLine>
          <TextLine ID="eSc_line_16c361f6"
                    TAGREFS="LT8"
                    BASELINE="1902 3580 3989 3633" 
                    HPOS="1898"
                    VPOS="3456"
                    WIDTH="2091"
                    HEIGHT="220">
            <Shape><Polygon POINTS="1902 3580 1898 3633 1987 3623 2037 3644 2041 3644 2044 3644 2179 3626 2410 3630 2449 3655 2453 3655 2457 3655 3982 3676 3989 3633 3986 3523 3858 3530 3701 3502 3698 3502 3694 3502 3690 3502 3669 3520 3641 3498 3637 3498 3634 3498 3630 3498 3552 3512 3434 3491 3431 3491 3292 3512 3146 3488 3143 3488 3139 3488 3136 3488 3114 3505 3022 3480 3018 3480 3015 3480 3011 3480 2947 3502 2883 3477 2880 3477 2876 3477 2873 3477 2798 3502 2425 3477 2421 3477 2325 3491 2186 3459 2183 3459 1998 3480 1962 3456 1959 3456 1955 3456 1952 3456 1948 3456 1902 3470 1902 3580"/></Shape>
            <String CONTENT="ne faire aucune chose que Dieu nous"
                    HPOS="1898"
                    VPOS="3456"
                    WIDTH="2091"
                    HEIGHT="220"
                    WC="0.9993071947778974"></String>
          </TextLine>
          <TextLine ID="eSc_line_2515b303"
                    TAGREFS="LT8"
                    BASELINE="1902 3736 3971 3783" 
                    HPOS="1898"
                    VPOS="3616"
                    WIDTH="2073"
                    HEIGHT="213">
            <Shape><Polygon POINTS="1902 3736 1898 3779 2023 3772 2229 3800 2233 3800 2236 3800 2240 3800 2240 3797 2261 3779 2499 3779 2538 3808 2542 3808 2545 3808 2549 3808 2659 3793 2688 3811 2691 3811 2695 3811 2698 3815 2809 3815 2809 3811 2812 3811 2816 3811 2816 3808 2837 3790 2926 3815 2930 3815 2933 3815 2937 3815 3015 3793 3200 3822 3203 3822 3207 3822 3271 3800 3530 3804 3552 3825 3552 3829 3555 3829 3559 3829 3562 3829 3673 3811 3964 3829 3971 3783 3971 3672 3911 3655 3907 3655 3904 3655 3655 3669 3619 3648 3616 3648 3612 3648 3609 3648 3506 3665 3463 3644 3459 3644 3456 3644 3225 3658 3175 3637 3171 3637 3168 3637 2737 3648 2698 3626 2695 3626 2691 3626 2688 3626 2449 3640 2382 3619 2378 3619 2375 3619 2371 3619 2318 3637 2218 3616 2215 3616 1902 3626 1902 3736"/></Shape>
            <String CONTENT="a deffendu pour les biens temporelz."
                    HPOS="1898"
                    VPOS="3616"
                    WIDTH="2073"
                    HEIGHT="213"
                    WC="0.987971865468555"></String>
          </TextLine>
          <TextLine ID="eSc_line_92e6e124"
                    TAGREFS="LT8"
                    BASELINE="1909 3893 2314 3889 3971 3932" 
                    HPOS="1905"
                    VPOS="3758"
                    WIDTH="2066"
                    HEIGHT="227">
            <Shape><Polygon POINTS="1909 3893 1905 3918 2250 3925 2321 3950 2325 3950 2329 3950 2446 3936 2467 3953 2471 3953 2474 3953 2478 3953 2684 3939 2769 3960 2773 3960 2777 3960 3189 3950 3235 3971 3239 3971 3242 3971 3246 3971 3250 3971 3271 3953 3470 3953 3534 3978 3538 3978 3822 3985 3826 3985 3968 3964 3971 3932 3968 3808 3822 3825 3466 3790 3463 3790 3349 3811 3178 3783 3175 3783 2962 3804 2908 3776 2905 3776 2901 3776 2777 3800 2670 3772 2666 3772 2663 3772 2538 3793 2460 3765 2457 3765 2453 3765 2357 3786 2304 3761 2300 3761 2297 3761 2293 3761 2190 3786 1909 3758 1909 3893"/></Shape>
            <String CONTENT="Tu ne compteras point au uespre cõ"
                    HPOS="1905"
                    VPOS="3758"
                    WIDTH="2066"
                    HEIGHT="227"
                    WC="0.9999715260096959"></String>
          </TextLine>
          <TextLine ID="eSc_line_a8f7e20e"
                    TAGREFS="LT8"
                    BASELINE="1898 4032 3950 4078" 
                    HPOS="1895"
                    VPOS="3911"
                    WIDTH="2055"
                    HEIGHT="227">
            <Shape><Polygon POINTS="1898 4032 1895 4078 2062 4099 2065 4099 2325 4085 2343 4099 2343 4103 2346 4103 2350 4103 2353 4103 2357 4103 2361 4103 2378 4088 2528 4110 2531 4110 2620 4092 2681 4113 2684 4113 2688 4113 2787 4096 3086 4120 3090 4120 3388 4110 3470 4131 3474 4131 3477 4131 3634 4113 3943 4138 3950 4078 3950 3985 3786 3960 3783 3960 3424 3968 3321 3939 3317 3939 3079 3936 3075 3936 2972 3957 2940 3936 2937 3936 2933 3936 2930 3936 2926 3936 2922 3936 2901 3957 2844 3928 2841 3928 2837 3928 2833 3928 2741 3950 2631 3925 2627 3925 2624 3925 2567 3950 2510 3928 2506 3928 2503 3928 2396 3943 2176 3921 2172 3921 2058 3939 2030 3918 2030 3914 2026 3914 2023 3914 1898 3911 1898 4032"/></Shape>
            <String CONTENT="bien tu as gaigne dargent: mais com¬"
                    HPOS="1895"
                    VPOS="3911"
                    WIDTH="2055"
                    HEIGHT="227"
                    WC="0.9893325997723473"></String>
          </TextLine>
          <TextLine ID="eSc_line_e4d15664"
                    TAGREFS="LT8"
                    BASELINE="1898 4188 3932 4231" 
                    HPOS="1895"
                    VPOS="4064"
                    WIDTH="2037"
                    HEIGHT="231">
            <Shape><Polygon POINTS="1898 4188 1895 4220 2065 4259 2069 4263 2169 4263 2169 4259 2172 4259 2236 4231 2407 4234 2453 4266 2457 4266 2460 4266 2762 4273 2766 4273 3054 4248 3086 4273 3090 4273 3093 4273 3097 4273 3296 4256 3338 4284 3342 4284 3346 4284 3349 4284 3353 4284 3413 4256 3591 4291 3594 4291 3730 4270 3808 4295 3811 4295 3815 4295 3818 4295 3929 4263 3932 4231 3932 4128 3577 4096 3573 4096 3363 4113 3178 4088 3175 4088 3171 4088 3114 4110 2876 4081 2873 4081 2574 4099 2414 4099 2382 4071 2378 4071 2375 4071 2371 4071 2090 4088 2044 4064 2041 4064 2037 4064 1898 4067 1898 4188"/></Shape>
            <String CONTENT="bien tu as prouffite en bien/ et uertu/"
                    HPOS="1895"
                    VPOS="4064"
                    WIDTH="2037"
                    HEIGHT="231"
                    WC="0.979449559480716"></String>
          </TextLine>
          <TextLine ID="eSc_line_c31f38b1"
                    TAGREFS="LT8"
                    BASELINE="1895 4334 3922 4387" 
                    HPOS="1891"
                    VPOS="4220"
                    WIDTH="2031"
                    HEIGHT="224">
            <Shape><Polygon POINTS="1895 4334 1891 4384 2250 4380 2293 4405 2297 4405 2300 4405 2435 4408 2439 4408 2442 4408 2517 4387 2691 4387 2841 4419 2844 4419 3363 4408 3420 4433 3424 4433 3427 4433 3530 4419 3662 4440 3666 4440 3783 4419 3818 4444 3822 4444 3826 4444 3829 4444 3918 4423 3922 4387 3922 4284 3858 4266 3854 4266 3850 4266 3847 4266 3797 4284 3779 4266 3776 4266 3772 4266 3769 4266 3619 4277 3520 4252 3516 4252 3513 4252 3399 4273 3250 4245 3246 4245 2983 4263 2759 4241 2755 4241 2752 4241 2713 4256 2659 4231 2656 4231 2652 4231 2649 4231 2645 4231 2645 4234 2624 4252 2481 4252 2300 4220 2297 4220 2293 4220 2229 4241 1895 4234 1895 4334"/></Shape>
            <String CONTENT="et combien tu as perdu de bien en la"
                    HPOS="1891"
                    VPOS="4220"
                    WIDTH="2031"
                    HEIGHT="224"
                    WC="0.9830870346890556"></String>
          </TextLine>
          <TextLine ID="eSc_line_e94142e7"
                    TAGREFS="LT8"
                    BASELINE="1902 4487 3911 4533" 
                    HPOS="1898"
                    VPOS="4362"
                    WIDTH="2013"
                    HEIGHT="221">
            <Shape><Polygon POINTS="1902 4487 1898 4522 2282 4554 2286 4554 2496 4536 2528 4561 2531 4561 2535 4561 2538 4561 2734 4544 3132 4547 3292 4579 3296 4579 3299 4579 3356 4558 3491 4583 3495 4583 3907 4572 3911 4533 3907 4412 3605 4426 3513 4398 3509 4398 3506 4398 3406 4412 3132 4387 3129 4387 3125 4387 3061 4405 3033 4387 3029 4387 3026 4387 3022 4387 2833 4408 2673 4376 2670 4376 2393 4398 2353 4380 2350 4380 2346 4380 2218 4394 2190 4373 2190 4369 2186 4369 2183 4369 2179 4369 2094 4387 2044 4362 2041 4362 2037 4362 1902 4366 1902 4487"/></Shape>
            <String CONTENT="iournee. Tu ne molesteras ou ue¬"
                    HPOS="1898"
                    VPOS="4362"
                    WIDTH="2013"
                    HEIGHT="221"
                    WC="0.9804836772382259"></String>
          </TextLine>
          <TextLine ID="eSc_line_6865196b"
                    TAGREFS="LT8"
                    BASELINE="1905 4650 2489 4650 3929 4689" 
                    HPOS="1902"
                    VPOS="4522"
                    WIDTH="2027"
                    HEIGHT="253">
            <Shape><Polygon POINTS="1905 4650 1902 4711 2019 4732 2023 4732 2026 4732 2030 4732 2073 4700 2108 4718 2112 4718 2115 4718 2193 4704 2243 4743 2247 4743 2250 4743 2254 4743 2257 4743 2300 4718 2325 4739 2325 4743 2329 4743 2332 4743 2649 4750 2652 4750 2656 4750 2659 4750 2691 4728 2741 4753 2745 4753 2748 4753 2990 4721 3075 4757 3079 4757 3082 4757 3306 4728 3353 4764 3356 4764 3360 4764 3363 4764 3367 4764 3370 4764 3392 4743 3456 4760 3459 4760 3463 4760 3466 4760 3498 4746 3623 4775 3626 4775 3630 4775 3776 4739 3918 4775 3929 4689 3929 4583 3708 4558 3705 4558 3701 4558 3641 4576 3619 4558 3619 4554 3616 4554 3612 4554 3609 4554 3513 4572 3481 4551 3477 4551 3474 4551 3470 4551 3466 4551 3463 4551 3438 4568 2713 4533 2709 4533 2560 4551 2254 4522 2250 4522 2247 4522 2201 4540 1905 4533 1905 4650"/></Shape>
            <String CONTENT="xeras iamais par iustice ou autremẽt"
                    HPOS="1902"
                    VPOS="4522"
                    WIDTH="2027"
                    HEIGHT="253"
                    WC="0.9989230616672619"></String>
          </TextLine>
        </TextBlock>
        <TextBlock HPOS="3695"
                   VPOS="4720"
                   WIDTH="252"
                   HEIGHT="148"
                   ID="eSc_textblock_62628533"
                   TAGREFS="BT17">
          <Shape><Polygon POINTS="3695 4720 3695 4868 3947 4868 3947 4720"/></Shape>
          <TextLine ID="eSc_line_f0e9fbb4"
                    TAGREFS="LT8"
                    BASELINE="3730 4832 3918 4839" 
                    HPOS="3726"
                    VPOS="4711"
                    WIDTH="192"
                    HEIGHT="199">
            <Shape><Polygon POINTS="3730 4832 3726 4881 3818 4910 3822 4910 3826 4910 3914 4899 3918 4839 3918 4743 3730 4711 3730 4832"/></Shape>
            <String CONTENT="les"
                    HPOS="3726"
                    VPOS="4711"
                    WIDTH="192"
                    HEIGHT="199"
                    WC="0.999963641166687"></String>
          </TextLine>
        </TextBlock>
      </PrintSpace>
    </Page>
  </Layout>
</alto>
