4267 6461
1654 619 193 237 72.

2668 660 654 205 De grace.

1878 832 2137 226 ainsy grossement des dens/ cõe nous

1874 994 2163 233 enseignent les prebstres du pape. Et

1885 1119 2128 253 de linstitutiõ ꝑle saĩct Luc en ceste ma

1864 1299 2144 219 niere. Quãd lheure estoit uenue Ie¬

1878 1446 2119 226 sus sest assys au soupper/ et ses disci¬

1871 1604 2105 223 ples auec luy. Et ayãt prins le pain,

1864 1755 2126 219 il rendit graces, ⁊ le brisa/ ⁊ leur en dõ

1860 1916 2155 216 na/ disant. Ce/ est mon corps lequel est

1864 2060 2137 222 dõne poͬ uoꝰ. Faictes ce en la recorda

1860 2211 2141 237 tion de moy. Sẽblablemẽt aussi le ca¬

1856 2369 2127 218 lice/ apres qͥl auoit souppe/ disant Ce¬

1856 2519 2130 216 stuy est le calice/ le nouueau testamẽt

1860 2666 2119 227 en mon sang/ lequel sera respãdu poͬ

1864 2821 2094 219 uous/ et pour plusieurs en la remis¬

1860 2957 2105 241 sion des pechez. Et cestuy corps est le

1860 3119 2105 229 gaige de son amour uers noꝰ. Et da¬

1853 3269 2097 234 uantage a il icy laisse son esprit en noz

1849 3420 2091 237 coeurs/ lequel nous console/ ⁊ confor¬

1846 3593 2079 201 te en nostre tribulation/ comme nous

1846 3722 2090 229 enseigne sainct Paul/ disant: Le

1842 3865 2074 248 sainct esprit baille tesmoignage en¬

1853 4027 2036 219 semble auec nostre esprit/ que nous

1842 4170 2037 234 sommes enfans de Dieu. Et sil est

1835 4325 2036 237 ainsi/ que nul nose reprouuer le testa¬

1828 4486 2040 223 ment dun homme/ ou y adiouster

1813 4633 2073 277 quelque chose quand celuy qui le a

3588 4820 273 287 faict

1406 1125 463 253 Luce.22.

1368 3806 458 210 Rom.18.

1368 4334 426 296 Gal.3.
