4267 6400
2448 661 176 229 31

1116 672 832 195 Chapitre .iii.

394 821 2084 213 tenuz de admonester les enfans/ et de

398 1002 2059 185 leur aider quilz soient mis aux escol¬

398 1137 2062 182 les/ affin quilz puissent entendre les

398 1290 2076 185 Euãgiles/ auec les epistres/ et la do¬

401 1436 2063 199 ctrine de sainct Paul. Car les illiterez

394 1585 2055 207 et simples gens sont aussi bien tenuz

394 1735 2041 199 de les scauoir cõe les litterez ⁊ sages.

384 1880 2055 182 Et dieu a cõmande de publier et an¬

376 2037 2063 188 noncer Leuãgile/ a toute creature. Cõ

378 2181 2059 197 me recite sainct Marc/ lequel dit q̃ no

387 2332 2048 206 stre seigneur dist a ses disciples: Alez

394 2485 2041 217 par tout le monde uniuersel/ ⁊ p̃schez

394 2638 2052 185 Leuangile a toute creature. Car nous

401 2780 2048 210 sommes tous egalement tenuz de sca

391 2940 2051 196 uoir Leuãgile/ et la doctrine du nou¬

398 3079 2048 209 ueau testament. Et sainct Paul na

401 3246 2024 192 point seulem̃t escript ses epistres aux

412 3384 2023 203 clers mais aux communs citoyẽs ou

416 3548 2005 196 mesnagiers. Et ce tesmoigne il escri¬

410 3664 1990 224 puant aux Corinthiens ⁊ aux Gala

400 3808 2000 250 tes/ ou il confesse quil enuoye ses epi¬

405 3978 2020 214 stres a toute leglise/ cest a dire/ a toute

394 4131 2020 221 lassemblee des chrestiens/ ⁊ tous ceux

398 4284 2005 220 qͥ inuoquẽt le nom de Iesus. Et aux

394 4433 2016 214 Romains il dit. A uous tous qͥ estes

380 4579 2030 256 a Rome amys de dieu. Et Iesuchrist

1994 4789 413 195 a aussi

2458 2154 427 288 Mar.16

2421 3690 448 214 1.Coꝝ.1.

2426 3861 432 224 Gala.1.
