4267 6296
1736 734 224 206 150

2562 727 829 185 Des moines.

1914 870 2118 221 ie treuue que ie deuiens iournellemẽt

1928 1049 2111 199 pire: pource ueulz ie aller ou ie puis¬

1932 1203 2128 185 se amender ma uie, ⁊ seruir a Dieu a

1932 1346 2124 210 plusgrand repoz. Pourtant te dis ie/

1932 1507 2128 182 quil uault mieux de uiure biẽ au mõ

1939 1654 2107 203 de/ que au monastere malemẽt et soy

1928 1811 2041 196 encore fier sur ses bonnes oeuures.

2093 1955 1970 206 Or il te fault soigner de ne faire

1928 2116 2128 178 rien poͬ auoir liberte, ⁊ uolupte char¬

1932 2273 2124 189 nelle, mais seulement pour plus fran

1939 2423 2114 179 chemẽt seruir a dieu, cõe dit S. Paul:

1949 2560 2100 196 Soignez q̃ ne dõnez uostre liberte en

1942 2710 2118 179 occasion de la chair. Et nul ne te peut

1942 2861 2118 206 mieux bailler a cõgnoistre cela q̃ ta ꝓ¬

1949 3022 2114 195 pre conscience, quand tu luy demande

1946 3168 2107 186 cõseil, car icelle nen deceoipt nul: mais

1949 3312 2111 210 dit tousiours manifestemẽt la uerite.

2089 3473 1957 175 Le monde a pareillement ses dan¬

1942 3620 2090 203 giers ⁊ perilz, ⁊ cest grand art de sca¬

1935 3781 2079 188 uoir uiure au mõde sãs pecher: pour¬

1932 3924 2054 196 tant se fault il donner garde des mes¬

1935 4074 2051 203 chantz mõdains ⁊ charnelz, ⁊ sur tout

1946 4228 2033 196 de ceux qui apportẽt faulse doctrine:

1939 4382 2040 196 comme heretiques ⁊ caphardz qui en¬

1949 4529 2048 182 seignent de soy fier aux oeuures cõtre

1935 4683 2041 231 la grace de Dieu, ce quilz font quand

3836 4847 152 310 ilz

1508 2619 396 210 Gal.5.
