4267 6225
1588 501 284 201 236

2097 504 1540 180 De deux gouuernemens.

1811 669 2139 197 droit/ peuuent aussi faire droit toutes

1816 814 2139 223 ꝑsonnes Chrestiẽnes des le commẽce¬

1809 971 2160 215 mẽt du mõde iusques a la fin/ Car le

1809 1130 2153 204 tẽps ⁊ mutatiõ exterieure ne fõt point

1809 1276 2153 211 nulle differẽce entre les Chrestiẽs. Et

1809 1449 2156 197 nest aussi point uray q̃ lancien Testa

1813 1594 2152 197 mẽt soit ainsi cesse/ quil ne le faudroit

1806 1739 2156 214 nullem̃t tenir/ ou q̃ celuy fist mal qͥ lo

1813 1891 2159 215 bserueroit entierem̃t. Mais il est telle

1806 2057 2163 201 mẽt cesse qͥl est indifferẽt de le faire ou

1803 2206 2159 187 laisser. Et il nest plus besoing de le

1806 2348 2156 180 garder sur la dãnation de lame/ cõe il

1803 2483 2156 200 estoit alors/ mais le fault seulemẽt te¬

1809 2628 2146 214 nir ou q̃ la charite fraternelle le reqͥert

1813 2777 2132 217 Cõe quãd S. Paul a circoncis sont di

1823 2932 2129 215 sciple Timothee/ ce que toutesfoys ne

1803 3084 2138 215 luy estoit point besoing au salut mais

1809 3237 2122 217 il uouloit satisfaire en ce aux obstinez

1816 3389 2118 224 iuifz/ affin q̃ par tel moyen il en peust

1816 3541 2111 211 attraire tant plus a la foy Chrestiẽne.

1816 3693 2115 221 Ainsi est ce aussi de lancien Testamẽt

1816 3849 2108 207 en toutes autres parties/ tellemẽt q̃ ce

1816 3997 2084 215 nest point peche/ qͥ le garde/ ne aussi pe

1823 4150 2066 214 che q̃ le laisse. Mais quãd aucũ le gar

1823 4291 2046 211 de/ il le gardera tellemẽt qͥl ny mettra

1823 4464 2039 239 point sa fiãce/ cõe si pource il uaulsist

3477 4637 374 228 mieux
