4267 6425
1543 674 333 230 174

2524 685 818 203 Des mariez.

1778 853 2203 207 mens. Tu laymeras aussi poͬ ses uer

1781 1017 2203 214 tuz: cõme uergõgne, chastete, diligen

1785 1181 2185 203 ce, soing, obedience, ⁊ autres uertuz,

1781 1327 2203 204 iasoit que autrement elle soit paoure,

1788 1481 2196 210 ð petite lignee ou layde. Car il ne faut

1785 1645 2203 203 point aymer la femme, mais ce qui est

1778 1799 2210 210 en elle, assauoir/ les uertuz ⁊ la grace

1785 1956 2199 207 de Dieu. Et ne la te faut point aussi

1788 2105 2182 222 hayr: mais faut hayr limperfection

1788 2266 2193 204 qui est en elle, ⁊ ses uices, cõme detra¬

1788 2412 2189 218 ction, faulte de uergongne, faulte de

1792 2566 2167 218 chastete, uaines ⁊ oyseuses parolles,

1792 2723 2164 203 gourmandise, deshonnestete, paresse,

1785 2873 2178 203 ire, orgueil, et autres uices. Et ainsi

1785 3034 2174 196 aymera, ou hayra la femme ce qui est

1785 3187 2153 200 en lhõme, Et lhõme reprendra sa fem

1788 3348 2139 200 me par bonne maniere quand esle sera

1788 3501 2136 200 defaillante, sans la hayr, ayant tous¬

1781 3669 2146 178 iours cõpassion ⁊ patiẽce auec elle cõ¬

1788 3801 2139 211 me auec un fragile uaisseau, cõme en

1795 3946 2128 219 seigne S. Pierre. Et quand une telle

1792 4119 2117 200 bõne ⁊ saincte amour est entre lhõme

1792 4269 2103 203 ⁊ la femme, alors sera lhõme le chef ⁊

1779 4427 2112 188 la femme la moindre. La femme serui

1792 4579 2078 204 ra uoluntairemẽt son mary cõme son

1810 4725 2064 250 seigñr. Et lhõme aymera sa femme, ⁊

3595 4879 304 232 lhon

1350 3972 435 225 1.Pet.3.

1313 4443 445 263 2.Cor.11.
