4267 7282
2878 776 271 267 187

1175 760 1039 247 Chapitre .xxiii.

473 989 2379 224 ste uie/ ⁊ en toutes noz operations/ ⁊

416 1161 2438 218 en toutes noz intentiõs: que lhonneur

429 1330 2408 223 de ce Pere celeste/ cõment il faut desi¬

425 1508 2408 223 rer que cestuy Pere ueuille gouuerner

421 1686 2392 219 tout ce que nous faisons ou desirons/

425 1856 2408 211 comment il faut tout submettre a sa

421 2026 2408 227 saincte uolunte/ ⁊ que sa uolunte ne

408 2208 2405 219 peut estre que bonne ⁊ salutaire: cõent

384 2370 2429 235 il besongne tousiours de nous par ce

368 2552 2429 219 quil pense de toutes choses du mõde/

368 2722 2437 223 ⁊ ainsi des autres parties ⁊ petitiõs di

360 2896 2433 210 celle tressaincte ⁊ tressalutaire oraisõ.

376 3066 2425 214 Et pour mieulx faire/ tu les garde¬

360 3244 2437 214 ras de lire aucunes sauuages histoy¬

364 3410 2437 218 res de batailles/ damours/ ⁊ autres

372 3580 2425 222 fables. Mais tu leͬs acheteras des li¬

368 3758 2409 214 ures salutaires cõme les sainctes E¬

376 3924 2405 234 uangiles/ les Epistres des sainct Apo

384 4102 2393 226 stres/ briefuement: Le nouueou ⁊ le

388 4276 2389 230 uiel testamẽt/ cestadire/ la saincte Bi

368 4458 2401 230 ble/ en langaige quilz peuuent enten¬

372 4615 2393 247 dre/ ⁊ aussi ce present liure. Et ce fe¬

360 4798 2401 238 ras tu affin que des leurs enfance ilz

360 4976 2413 230 se puissent accoustumer ⁊ enseigner de

348 5145 2421 235 la saincte escripture diuine/ ⁊ boire de

348 5336 2421 283 ta tresdoulce fontaine laquelle est de¬

2384 5514 381 287 scen¬
