4267 6154
2451 610 221 354 99

979 574 816 277 Chapitre .xi.

341 806 2045 209 sauuera, ce leur aduiendra, ⁊ leur sera

359 960 2010 202 faict selõ leur foy. Et ceste est la plus

352 1117 2037 189 certaine/ ⁊ plꝰ seure uoye pour ꝑuenir

352 1258 2037 195 au ciel ⁊ a la uie eternelle, quon saban

341 1401 2031 209 donne et rende du tout en la main de

335 1548 2003 195 Dieu/ en faisant tousioͬs son mieux

335 1692 2017 195 poͬ garder les cõmãdemẽs de Dieu/

321 1835 2034 206 ⁊ de uiure selõ la doctrine euãgeliq̃/ ⁊

312 1969 1790 205 soy deffiant du tout de soymesme.

427 2126 1921 209 Les autres qͥ sont signifiez ꝑ le lar

297 2280 2058 191 ron senestre/ sont ceux qͥ mettent tou¬

304 2420 2014 188 te leur cõfidence en leͬs bõnes oeures.

321 2560 2007 202 Ilz uõt iournellemẽt a leglise, ilz gar

314 2704 2010 205 dent ⁊ celebrẽt toꝰ les iours de festes,

300 2837 2031 209 ilz ieunẽt souuent, ilz oyent iournelle¬

297 2984 2017 219 mẽt messe: ⁊ quãd il fault aller mou¬

300 3141 2014 199 rir/ ilz se fient en leurs oeures/ et cuy¬

297 3278 2024 216 dent q̃ dieu leur doibt la uie eternelle/

304 3439 1993 205 et mesmes qͥlz ont merite le ciel. Ceux

300 3572 1994 219 icy demeurent le plus souuẽt damnez:

304 3716 2000 229 car ilz ne recõgnoissent point q̃ Dieu

297 3870 2007 208 a satisfaict pour eux, ⁊ font leur dieu

300 4010 2007 215 des oeures de leur mains: cuidãs que

297 4157 2007 212 par icelles ilz ont merite le ciel. Car ce

300 4294 2007 222 est a chascũ son Dieu/ auquel ilz met

317 4447 1984 247 son esperance. Cestuy est un des plus

1429 4636 875 211 O 2 grans
