4267 6254
1636 555 264 216 P88

2279 555 1355 212 Denseigner les enfans

1886 736 2120 198 scendue du ciel. Et per tel moyen en

1893 896 2120 194 porras tu puiser bonne eaue quãd ilz

1904 1038 2112 195 serõt anciens. Car si tu as faictz grãd

1897 1195 2137 194 labeur pour gaigner a tes eufans les

1907 1361 2127 181 despens corporelz cõme tu doibs: com

1893 1500 2141 192 bien en es tu plꝰ tenu de leur gaigner

1897 1674 2144 174 les despens spirituelz de lame/ laquel

1897 1813 2144 191 le est faicte selon lymage ⁊ semblance

1900 1959 2123 195 de dieu? Et dautant que lame est pbꝰ

1900 2108 2134 195 digne que le corps: dautant ten faut il

1900 2261 2109 191 prendre plus grand soing de luy ay¬

1907 2407 2102 188 prendre son salut. Mais quelle uian¬

1911 2553 2095 188 de est meilleure pour nourrir lame/ q̃

1911 2696 2116 191 celle de lRuangile ⁊ de la saincte escri

1914 2849 2113 191 pture/ laquelle est seule la nourriture

1914 2994 2102 199 de lame? Tu as garde le corps de ton

1911 3154 2116 205 enfant de feu/ deaue/ quand il estoit

1914 3311 2106 187 ieune: pourquoy ueulz tu maintenãt

1918 3457 2102 191 oblier son ame? Assauoir si tu ayme

1918 3609 2095 195 mieulx le corps que lame. Il uaul¬

1921 3755 2081 205 droit biaucop mieulx destre soigneux

1925 3919 2074 177 en cecy que aler courir a Romme ou a

1928 4065 2054 191 S. Iaques ou autre part en pelerina¬

1931 4217 2044 188 ge: car cõme iay dict ce nest tout que in

1942 4360 2060 188 fidelite. Car tu as laide de Dieu tout

1935 4516 2033 250 aussi prest a ta maison cõe autre part/

3728 4673 264 205 si tu
