4267 6342
1686 607 286 238 222

2279 609 1544 208 De deux gouuernemens.

1914 782 2136 195 ou bon de nature/ mais nous sommes

1927 961 2125 184 tous ensemble pecheurs/ et mauuais

1930 1106 2122 194 Dieu contrainct les gens par la loy/

1927 1257 2135 184 quilz nosent acõplir exterieurement

1913 1416 2149 173 leur malice par oeuure/ selõ leur mau

1920 1560 2132 194 uaise uolũte. Dauãtaige baille S.

1935 1717 2115 201 Paul encore un autre office a la loy.

1913 1863 2156 208 Cest q̃lle apprent a cõgnoistre les pe¬

1920 2018 2149 208 chez/ par laq̃lle congnoissance lhõe est

1913 2170 2153 201 humilie, ⁊ se rend a la foy/ ⁊ a la mise¬

1906 2318 2149 197 ricorde/ ⁊ grace de Iesu Christ/ cõe est

1913 2466 2117 187 dit dessuz. Quartemẽt, tous ceux qͥ

1913 2610 2124 187 ne sont point encore Chrestiẽs appar¬

1916 2765 2118 184 tiennent au royaume du mõde, ⁊ sont

1923 2913 2107 191 soubz la loy. En cestuy nõbre sõt aussi

1916 3068 2111 187 tous mauuais Chrestiẽs, qͥ ne quierẽt

1906 3220 2114 190 autre chose q̃ toute uolupte mõdaine

1902 3371 2107 187 lesquelz sont appellez Chrestiẽs: mais

1902 3530 2111 183 toutesfoys ne le sont point. Ueu donc

1909 3667 2086 198 quil ya si peu de bons Chrestiẽs, ⁊ tãt

1906 3826 2079 180 de mauuaises gens, Dieu a donne a

1902 3970 2061 198 iceux mauuais hors de lestat Chrestiẽ

1906 4125 2043 201 et du royaume de dieu un autre gou¬

1913 4284 2026 180 uernement, ⁊ les a submiz au glaiue,

1913 4425 2029 187 cestadire, au bras seculier, et droit ci¬

1909 4580 2030 232 uil: affin qͥlz ne puissent acõplir leur

3569 4731 380 215 malice

1464 819 434 195 Rom.3.

1464 1722 434 217 Rom.3.
