<?xml version="1.0" encoding="UTF-8"?>
<alto xmlns:xsi="http://www.w3.org/2001/XMLSchema-instance"
      xmlns="http://www.loc.gov/standards/alto/ns-v4#"
      xsi:schemaLocation="http://www.loc.gov/standards/alto/ns-v4# http://www.loc.gov/standards/alto/v4/alto-4-2.xsd">
  <Description>
    <MeasurementUnit>pixel</MeasurementUnit>
    <sourceImageInformation>
      <fileName>La_somme_de_lescripture_saincte_...Luther_Martin_bpt6k328613m.pdf_page_223.png</fileName>
      <fileIdentifier>pdf//La_somme_de_lescripture_saincte_...Luther_Martin_bpt6k328613m.pdf</fileIdentifier>
    </sourceImageInformation>
  </Description>
  <Tags>
    <OtherTag ID="BT7" LABEL="CustomZone" DESCRIPTION="block type CustomZone"/><OtherTag ID="BT8" LABEL="DamageZone" DESCRIPTION="block type DamageZone"/><OtherTag ID="BT9" LABEL="DigitizationArtefactZone" DESCRIPTION="block type DigitizationArtefactZone"/><OtherTag ID="BT10" LABEL="DropCapitalZone" DESCRIPTION="block type DropCapitalZone"/><OtherTag ID="BT11" LABEL="GraphicZone" DESCRIPTION="block type GraphicZone"/><OtherTag ID="BT12" LABEL="MainZone" DESCRIPTION="block type MainZone"/><OtherTag ID="BT13" LABEL="MarginTextZone" DESCRIPTION="block type MarginTextZone"/><OtherTag ID="BT14" LABEL="MusicZone" DESCRIPTION="block type MusicZone"/><OtherTag ID="BT15" LABEL="NumberingZone" DESCRIPTION="block type NumberingZone"/><OtherTag ID="BT17" LABEL="QuireMarksZone" DESCRIPTION="block type QuireMarksZone"/><OtherTag ID="BT18" LABEL="RunningTitleZone" DESCRIPTION="block type RunningTitleZone"/><OtherTag ID="BT19" LABEL="SealZone" DESCRIPTION="block type SealZone"/><OtherTag ID="BT20" LABEL="StampZone" DESCRIPTION="block type StampZone"/><OtherTag ID="BT21" LABEL="TableZone" DESCRIPTION="block type TableZone"/><OtherTag ID="BT22" LABEL="TitlePageZone" DESCRIPTION="block type TitlePageZone"/><OtherTag ID="BT3120" LABEL="text" DESCRIPTION="block type text"/>
    <OtherTag ID="LT7" LABEL="CustomLine" DESCRIPTION="line type CustomLine"/><OtherTag ID="LT8" LABEL="DefaultLine" DESCRIPTION="line type DefaultLine"/><OtherTag ID="LT9" LABEL="DropCapitalLine" DESCRIPTION="line type DropCapitalLine"/><OtherTag ID="LT10" LABEL="HeadingLine" DESCRIPTION="line type HeadingLine"/><OtherTag ID="LT11" LABEL="InterlinearLine" DESCRIPTION="line type InterlinearLine"/><OtherTag ID="LT12" LABEL="MusicLine" DESCRIPTION="line type MusicLine"/><OtherTag ID="LT958" LABEL="default" DESCRIPTION="line type default"/>
  </Tags>
  <Layout>
    <Page WIDTH="4267"
          HEIGHT="6200"
          PHYSICAL_IMG_NR="222"
          ID="eSc_dummypage_">
      <PrintSpace HPOS="0"
                  VPOS="0"
                  WIDTH="4267"
                  HEIGHT="6200">
        <TextBlock HPOS="2299"
                   VPOS="598"
                   WIDTH="338"
                   HEIGHT="157"
                   ID="eSc_textblock_f996bf99"
                   TAGREFS="BT15">
          <Shape><Polygon POINTS="2299 598 2299 755 2637 755 2637 598"/></Shape>
          <TextLine ID="eSc_line_708ea797"
                    TAGREFS="LT8"
                    BASELINE="2347 713 2588 713" 
                    HPOS="2347"
                    VPOS="613"
                    WIDTH="241"
                    HEIGHT="189">
            <Shape><Polygon POINTS="2553 616 2519 616 2485 616 2450 613 2416 613 2381 613 2347 613 2347 713 2347 775 2423 764 2467 802 2471 802 2474 802 2478 802 2588 785 2588 713 2588 616 2553 616"/></Shape>
            <String CONTENT="219"
                    HPOS="2347"
                    VPOS="613"
                    WIDTH="241"
                    HEIGHT="189"
                    ></String>
          </TextLine>
        </TextBlock>
        <TextBlock HPOS="902"
                   VPOS="595"
                   WIDTH="1023"
                   HEIGHT="154"
                   ID="eSc_textblock_553fe1be"
                   TAGREFS="BT18">
          <Shape><Polygon POINTS="902 595 902 749 1925 749 1925 595"/></Shape>
          <TextLine ID="eSc_line_7f5aa63d"
                    TAGREFS="LT10"
                    BASELINE="940 709 1903 709" 
                    HPOS="940"
                    VPOS="578"
                    WIDTH="1007"
                    HEIGHT="200">
            <Shape><Polygon POINTS="1768 595 1733 595 1699 595 1671 595 1637 609 1592 592 1561 592 1526 589 1382 602 1330 585 1320 585 1285 585 1268 582 1209 609 1140 578 1113 578 1078 578 1044 578 1009 578 975 585 940 602 940 709 940 747 1040 747 1068 771 1068 775 1071 775 1075 775 1078 775 1416 744 1485 744 1516 771 1516 775 1519 775 1523 775 1526 778 1668 778 1668 775 1671 775 1716 754 1788 775 1792 775 1795 775 1799 775 1802 775 1833 747 1947 740 1947 709 1947 620 1847 620 1826 599 1802 599"/></Shape>
            <String CONTENT="Chapitre .xxui."
                    HPOS="940"
                    VPOS="578"
                    WIDTH="1007"
                    HEIGHT="200"
                    WC="0.9898003856341044"></String>
          </TextLine>
        </TextBlock>
        <TextBlock HPOS="282"
                   VPOS="773"
                   WIDTH="2162"
                   HEIGHT="3819"
                   ID="eSc_textblock_799dcb7e"
                   TAGREFS="BT12">
          <Shape><Polygon POINTS="333 773 282 4580 2361 4592 2444 776"/></Shape>
          <TextLine ID="eSc_line_a291afd7"
                    TAGREFS="LT8"
                    BASELINE="386 895 2398 888" 
                    HPOS="382"
                    VPOS="754"
                    WIDTH="2016"
                    HEIGHT="196">
            <Shape><Polygon POINTS="451 768 417 768 382 778 386 895 386 930 399 943 399 947 403 947 406 947 410 947 541 926 672 947 675 950 837 950 837 947 840 947 844 947 875 926 1020 947 1023 947 1027 947 1085 926 1258 926 1323 943 1326 943 1330 943 1451 923 1623 923 1661 943 1664 943 1668 943 1671 947 1885 947 1885 943 1888 943 1961 923 2323 943 2326 943 2329 943 2398 916 2398 888 2392 778 2102 778 2081 757 2081 754 2078 754 2074 754 2071 754 1974 775 1795 754 1792 754 1788 754 1785 754 1761 778 1475 778 1430 754 1426 754 1423 754 1420 754 1340 778 1323 761 1320 761 1316 761 1313 761 1230 778 1206 757 1202 757 1199 757 1196 757 1078 778 940 757 937 757 696 778 468 764 451 768"/></Shape>
            <String CONTENT="stiens. Tiercement donc pour biẽ en¬"
                    HPOS="382"
                    VPOS="754"
                    WIDTH="2016"
                    HEIGHT="196"
                    WC="0.987875129725482"></String>
          </TextLine>
          <TextLine ID="eSc_line_81c327d7"
                    TAGREFS="LT8"
                    BASELINE="396 1047 2398 1036" 
                    HPOS="392"
                    VPOS="912"
                    WIDTH="2006"
                    HEIGHT="179">
            <Shape><Polygon POINTS="396 1047 396 1074 872 1091 875 1091 1065 1074 1716 1088 1719 1088 1723 1088 1788 1071 2398 1071 2398 1036 2385 912 2329 940 2061 940 1968 912 1964 912 1961 912 1957 912 1912 936 1757 919 1754 919 1750 919 1747 919 1716 943 1602 943 1564 916 1561 916 1557 916 1554 916 1551 916 1488 940 1454 916 1451 916 1447 916 1444 916 1440 916 1437 916 1437 919 1420 933 1292 916 1289 916 1285 916 1251 933 1147 916 1144 916 1140 916 1047 943 1020 919 1016 919 1013 919 1009 919 847 947 696 947 668 923 665 923 661 923 658 923 654 923 610 943 482 919 479 919 475 919 392 947 396 1047"/></Shape>
            <String CONTENT="tẽdre cecy il nous fault premierement"
                    HPOS="392"
                    VPOS="912"
                    WIDTH="2006"
                    HEIGHT="179"
                    WC="0.9989634611104664"></String>
          </TextLine>
          <TextLine ID="eSc_line_1d6a52fd"
                    TAGREFS="LT8"
                    BASELINE="403 1195 2405 1181" 
                    HPOS="399"
                    VPOS="1054"
                    WIDTH="2006"
                    HEIGHT="189">
            <Shape><Polygon POINTS="403 1195 403 1243 768 1226 878 1243 882 1243 885 1243 889 1243 927 1222 1347 1222 1378 1240 1382 1240 1385 1240 1389 1240 1392 1240 1395 1240 1420 1219 1857 1236 1861 1236 1864 1236 1902 1215 1919 1233 1923 1233 1926 1233 1930 1233 2012 1215 2398 1229 2405 1181 2398 1078 2002 1078 1902 1054 1899 1054 1781 1074 1592 1057 1588 1057 1454 1074 1413 1057 1409 1057 1406 1057 1402 1057 1333 1081 1306 1060 1302 1060 1299 1060 1127 1060 1123 1060 1120 1060 1116 1060 1085 1085 710 1085 678 1064 675 1064 672 1064 668 1064 665 1064 610 1085 444 1064 441 1064 437 1064 434 1064 399 1081 403 1195"/></Shape>
            <String CONTENT="scauoir q̃ au mõde sont deux sortes de"
                    HPOS="399"
                    VPOS="1054"
                    WIDTH="2006"
                    HEIGHT="189"
                    WC="0.9997540819339263"></String>
          </TextLine>
          <TextLine ID="eSc_line_3b338417"
                    TAGREFS="LT8"
                    BASELINE="403 1339 2392 1329" 
                    HPOS="399"
                    VPOS="1212"
                    WIDTH="1993"
                    HEIGHT="176">
            <Shape><Polygon POINTS="403 1339 403 1388 554 1370 734 1388 737 1388 951 1370 1009 1388 1013 1388 1016 1388 1020 1388 1102 1367 1247 1384 1251 1384 1254 1384 1258 1384 1258 1381 1275 1367 1533 1384 1537 1384 1675 1367 1695 1384 1699 1384 1702 1384 1706 1384 1709 1384 1757 1364 1809 1381 1812 1381 1816 1384 2174 1384 2174 1381 2178 1381 2181 1381 2202 1364 2385 1377 2392 1329 2385 1236 1723 1212 1719 1212 1606 1215 1602 1215 1599 1215 1578 1236 1523 1215 1519 1215 1516 1215 1513 1215 1509 1215 1485 1236 1240 1215 1237 1215 1099 1236 1078 1219 1078 1215 1075 1215 1071 1215 1068 1215 1065 1215 1061 1215 1061 1219 1058 1219 1047 1236 920 1240 847 1219 844 1219 840 1219 606 1240 482 1219 479 1219 475 1219 399 1243 403 1339"/></Shape>
            <String CONTENT="gens. Les premiers appartiẽnent au"
                    HPOS="399"
                    VPOS="1212"
                    WIDTH="1993"
                    HEIGHT="176"
                    WC="0.9737731201308114"></String>
          </TextLine>
          <TextLine ID="eSc_line_70596893"
                    TAGREFS="LT8"
                    BASELINE="399 1481 2385 1474" 
                    HPOS="396"
                    VPOS="1353"
                    WIDTH="1989"
                    HEIGHT="172">
            <Shape><Polygon POINTS="399 1481 399 1512 2378 1525 2385 1474 2378 1377 2019 1377 1912 1353 1909 1353 1906 1353 1902 1353 1902 1357 1885 1374 1843 1357 1840 1357 1837 1357 1650 1374 1595 1353 1592 1353 1588 1353 1585 1353 1582 1353 1557 1374 1461 1357 1457 1357 1223 1377 1189 1360 1185 1360 930 1357 927 1357 923 1357 865 1377 840 1357 837 1357 834 1357 723 1357 720 1357 716 1357 651 1377 572 1357 568 1357 565 1357 396 1381 399 1481"/></Shape>
            <String CONTENT="royaume ð dieu. Les autres au royau"
                    HPOS="396"
                    VPOS="1353"
                    WIDTH="1989"
                    HEIGHT="172"
                    WC="0.978152585029602"></String>
          </TextLine>
          <TextLine ID="eSc_line_c0e09913"
                    TAGREFS="LT8"
                    BASELINE="379 1625 2392 1618" 
                    HPOS="375"
                    VPOS="1491"
                    WIDTH="2017"
                    HEIGHT="193">
            <Shape><Polygon POINTS="379 1625 379 1663 882 1684 885 1684 889 1684 892 1684 927 1663 1185 1663 1326 1684 1330 1684 1333 1684 1382 1660 1406 1680 1409 1680 1413 1680 1416 1680 1420 1680 1471 1660 1526 1680 1530 1680 1533 1684 1664 1684 1664 1680 1668 1680 1671 1680 1692 1663 1768 1680 1771 1680 1775 1680 1778 1680 1812 1660 2157 1680 2161 1680 2388 1656 2392 1618 2381 1515 2033 1515 2012 1498 2012 1494 2009 1494 2005 1494 2002 1494 1888 1508 1833 1491 1830 1491 1826 1491 1695 1515 1378 1491 1375 1491 1371 1491 1368 1491 1337 1512 875 1494 872 1494 737 1522 541 1522 448 1494 444 1494 441 1494 437 1494 375 1515 379 1625"/></Shape>
            <String CONTENT="me du mõde. Ceux qͥ appartiẽnent au"
                    HPOS="375"
                    VPOS="1491"
                    WIDTH="2017"
                    HEIGHT="193"
                    WC="0.9899132026208414"></String>
          </TextLine>
          <TextLine ID="eSc_line_30cacacc"
                    TAGREFS="LT8"
                    BASELINE="386 1773 2385 1767" 
                    HPOS="382"
                    VPOS="1649"
                    WIDTH="2003"
                    HEIGHT="162">
            <Shape><Polygon POINTS="386 1773 386 1804 2381 1811 2385 1767 2374 1649 2274 1667 1943 1649 1940 1649 1937 1649 1933 1649 1902 1670 1433 1670 1385 1649 1382 1649 1378 1649 1375 1649 1330 1674 1216 1674 1199 1656 1199 1653 1196 1653 1192 1653 1189 1653 758 1670 730 1653 727 1653 723 1653 720 1653 716 1653 672 1670 627 1653 623 1653 620 1653 616 1653 613 1653 596 1667 579 1653 575 1653 572 1653 430 1653 427 1653 423 1653 382 1670 386 1773"/></Shape>
            <String CONTENT="royaume de Dieu sont tous urays fi"
                    HPOS="382"
                    VPOS="1649"
                    WIDTH="2003"
                    HEIGHT="162"
                    WC="0.9903597744072185"></String>
          </TextLine>
          <TextLine ID="eSc_line_969b584a"
                    TAGREFS="LT8"
                    BASELINE="389 1915 2374 1922" 
                    HPOS="386"
                    VPOS="1798"
                    WIDTH="1988"
                    HEIGHT="172">
            <Shape><Polygon POINTS="389 1915 386 1942 713 1946 754 1966 758 1966 761 1966 765 1966 813 1949 851 1966 854 1966 858 1970 1034 1970 1034 1966 1037 1966 1040 1966 1040 1963 1058 1949 1289 1966 1292 1966 1371 1949 1395 1970 1399 1970 1402 1970 1406 1970 1530 1953 2292 1970 2295 1970 2298 1970 2371 1949 2374 1922 2371 1804 389 1798 389 1915"/></Shape>
            <String CONTENT="deles en Iesu Christ/ et soubz Iesu"
                    HPOS="386"
                    VPOS="1798"
                    WIDTH="1988"
                    HEIGHT="172"
                    WC="0.9949024064200265"></String>
          </TextLine>
          <TextLine ID="eSc_line_9ecc044c"
                    TAGREFS="LT8"
                    BASELINE="368 2056 2378 2063" 
                    HPOS="365"
                    VPOS="1928"
                    WIDTH="2013"
                    HEIGHT="197">
            <Shape><Polygon POINTS="368 2056 365 2094 482 2118 485 2118 582 2101 603 2118 606 2118 610 2118 1371 2121 1375 2125 1516 2125 1516 2121 1519 2121 1523 2121 1523 2118 1540 2104 1650 2121 1654 2121 1657 2121 1730 2104 1792 2121 1795 2121 1799 2121 2374 2101 2378 2063 2371 1939 2243 1959 2212 1935 2212 1932 2209 1932 2205 1932 2154 1932 2150 1932 2147 1932 2092 1963 1874 1963 1843 1942 1840 1942 1837 1942 1833 1942 1830 1942 1775 1959 1726 1939 1723 1939 1485 1935 1482 1935 1478 1935 1423 1959 1351 1928 1347 1928 1344 1928 1340 1928 1240 1956 989 1932 985 1932 982 1932 885 1956 844 1928 840 1928 837 1928 834 1928 830 1928 765 1946 665 1928 661 1928 658 1928 599 1949 458 1928 454 1928 451 1928 368 1953 368 2056"/></Shape>
            <String CONTENT="Christ. Car Iesu Christ est roy ⁊ Sei¬"
                    HPOS="365"
                    VPOS="1928"
                    WIDTH="2013"
                    HEIGHT="197"
                    WC="0.9959759759275537"></String>
          </TextLine>
          <TextLine ID="eSc_line_f06d5c78"
                    TAGREFS="LT8"
                    BASELINE="358 2201 2378 2211" 
                    HPOS="355"
                    VPOS="2083"
                    WIDTH="2023"
                    HEIGHT="162">
            <Shape><Polygon POINTS="358 2201 355 2245 2374 2245 2378 2211 2378 2114 2202 2090 2198 2090 2040 2108 1947 2090 1943 2090 1940 2090 1937 2090 1912 2111 1747 2111 1709 2087 1706 2087 1702 2087 1526 2087 1523 2087 1519 2087 1516 2087 1516 2090 1499 2104 1423 2087 1420 2087 1416 2087 1361 2104 927 2083 923 2083 920 2083 875 2101 358 2094 358 2201"/></Shape>
            <String CONTENT="gneur au royaume de Dieu, cõe nous"
                    HPOS="355"
                    VPOS="2083"
                    WIDTH="2023"
                    HEIGHT="162"
                    WC="0.9889430965696062"></String>
          </TextLine>
          <TextLine ID="eSc_line_0e42fa7e"
                    TAGREFS="LT8"
                    BASELINE="351 2342 2374 2359" 
                    HPOS="348"
                    VPOS="2221"
                    WIDTH="2026"
                    HEIGHT="193">
            <Shape><Polygon POINTS="351 2342 348 2387 971 2400 975 2400 1158 2383 1382 2404 1385 2404 1389 2404 1440 2387 1485 2404 1488 2404 1492 2404 1495 2404 1561 2387 1602 2407 1606 2407 1609 2407 1874 2390 1933 2407 1937 2407 1940 2407 2071 2393 2088 2407 2088 2411 2092 2411 2095 2411 2099 2414 2371 2414 2374 2359 2371 2238 2047 2256 2026 2238 2023 2238 2019 2238 2016 2238 1837 2249 1795 2232 1792 2232 1788 2232 1650 2252 1551 2228 1547 2228 1544 2228 1102 2245 1054 2225 1051 2225 1047 2225 1044 2225 1040 2225 1040 2228 1020 2245 861 2228 858 2228 768 2245 606 2228 603 2228 599 2228 565 2242 537 2221 534 2221 530 2221 527 2221 523 2221 479 2245 351 2245 351 2342"/></Shape>
            <String CONTENT="enseigne le second Pseaume/ et aussi"
                    HPOS="348"
                    VPOS="2221"
                    WIDTH="2026"
                    HEIGHT="193"
                    WC="0.9956394897566901"></String>
          </TextLine>
          <TextLine ID="eSc_line_3e62a0db"
                    TAGREFS="LT8"
                    BASELINE="348 2493 1506 2486 2378 2500" 
                    HPOS="344"
                    VPOS="2369"
                    WIDTH="2034"
                    HEIGHT="173">
            <Shape><Polygon POINTS="348 2493 344 2517 375 2535 379 2535 382 2535 386 2535 389 2535 410 2517 496 2535 499 2535 647 2521 665 2535 665 2538 668 2538 672 2538 675 2542 823 2542 823 2538 827 2538 830 2538 851 2521 961 2538 965 2538 968 2538 1009 2521 1047 2538 1051 2538 1054 2538 1058 2538 1130 2521 1537 2521 1557 2538 1561 2538 1564 2538 1568 2538 1723 2521 1864 2538 1868 2538 2374 2524 2378 2500 2374 2393 1788 2373 1785 2373 1637 2393 1582 2373 1578 2373 1575 2373 1571 2373 1568 2373 1537 2393 1402 2376 1399 2376 1395 2376 1344 2393 1285 2373 1282 2373 1047 2373 1044 2373 940 2393 858 2373 854 2373 851 2373 847 2373 844 2373 820 2397 685 2397 665 2376 665 2373 661 2373 658 2373 654 2373 472 2390 448 2369 444 2369 441 2369 348 2369 348 2493"/></Shape>
            <String CONTENT="tout lancien ⁊ le nouueau Testamẽt."
                    HPOS="344"
                    VPOS="2369"
                    WIDTH="2034"
                    HEIGHT="173"
                    WC="0.9889827834235297"></String>
          </TextLine>
          <TextLine ID="eSc_line_eb953b7e"
                    TAGREFS="LT8"
                    BASELINE="351 2628 2385 2635" 
                    HPOS="348"
                    VPOS="2504"
                    WIDTH="2037"
                    HEIGHT="182">
            <Shape><Polygon POINTS="351 2628 348 2659 427 2679 430 2679 606 2676 610 2676 613 2676 613 2672 627 2662 654 2679 658 2679 661 2679 665 2683 854 2683 854 2679 951 2659 1023 2679 1027 2679 1030 2683 1030 2679 1034 2679 1102 2659 1133 2679 1137 2679 1140 2679 1144 2679 1147 2679 1151 2679 1151 2676 1171 2659 1354 2659 1488 2683 1492 2683 1495 2683 1554 2662 1685 2683 1688 2686 1854 2686 1854 2683 1857 2683 1861 2683 1861 2679 1878 2666 1906 2683 1909 2683 1912 2683 1916 2683 2030 2662 2326 2683 2329 2683 2333 2683 2381 2659 2385 2635 2385 2528 1719 2507 1716 2507 1713 2507 1675 2528 1423 2528 1264 2504 1261 2504 351 2517 351 2628"/></Shape>
            <String CONTENT="Et il est aussi uenu au mõde pour cõ¬"
                    HPOS="348"
                    VPOS="2504"
                    WIDTH="2037"
                    HEIGHT="182"
                    WC="0.9890006245710911"></String>
          </TextLine>
          <TextLine ID="eSc_line_1499cb5a"
                    TAGREFS="LT8"
                    BASELINE="355 2772 2385 2779" 
                    HPOS="351"
                    VPOS="2648"
                    WIDTH="2034"
                    HEIGHT="179">
            <Shape><Polygon POINTS="355 2772 351 2800 403 2821 406 2821 410 2821 1364 2807 1482 2824 1485 2827 2381 2827 2385 2779 2385 2676 2347 2655 2343 2655 2340 2655 2247 2672 2019 2652 2016 2652 2012 2652 1930 2672 1906 2652 1902 2652 1899 2652 1895 2652 1892 2652 1843 2672 1785 2655 1781 2655 1778 2655 1668 2672 1650 2659 1650 2655 1647 2655 1644 2655 1640 2655 1509 2672 1485 2652 1482 2652 1478 2652 1309 2648 1306 2648 1116 2669 1006 2648 937 2648 934 2648 930 2648 927 2648 927 2652 906 2669 355 2669 355 2772"/></Shape>
            <String CONTENT="mencer a esleuer le royaume de/ Dieu"
                    HPOS="351"
                    VPOS="2648"
                    WIDTH="2034"
                    HEIGHT="179"
                    WC="0.9825752625862757"></String>
          </TextLine>
          <TextLine ID="eSc_line_2c759099"
                    TAGREFS="LT8"
                    BASELINE="351 2920 2356 2920" 
                    HPOS="346"
                    VPOS="2810"
                    WIDTH="2007"
                    HEIGHT="166">
            <Shape><Polygon POINTS="346 2919 346 2965 2348 2976 2353 2919 2353 2810 346 2810 346 2919"/></Shape>
            <String CONTENT="au monde. Pource disoit il a Pylate."
                    HPOS="346"
                    VPOS="2810"
                    WIDTH="2007"
                    HEIGHT="166"
                    WC="0.9992378602425257"></String>
          </TextLine>
          <TextLine ID="eSc_line_e19ae94e"
                    TAGREFS="LT8"
                    BASELINE="358 3062 2385 3072" 
                    HPOS="355"
                    VPOS="2934"
                    WIDTH="2030"
                    HEIGHT="190">
            <Shape><Polygon POINTS="358 3062 355 3096 372 3113 372 3117 375 3117 379 3117 382 3117 386 3117 430 3096 475 3117 479 3117 482 3120 651 3120 651 3117 654 3117 658 3117 689 3096 727 3117 730 3117 734 3120 837 3120 837 3117 840 3117 844 3117 844 3113 865 3096 1002 3117 1006 3117 1009 3117 1047 3100 1275 3100 1320 3120 1323 3120 1326 3120 1330 3120 1333 3120 1364 3100 1395 3120 1399 3120 1402 3120 1406 3120 1409 3120 1485 3100 1592 3117 1595 3117 1706 3100 1778 3124 1781 3124 1785 3124 1906 3103 1926 3120 1926 3124 1930 3124 1933 3124 1937 3124 2140 3103 2378 3117 2385 3072 2381 2969 2285 2969 2257 2945 2257 2941 2254 2941 2250 2941 2247 2941 2243 2941 2209 2958 2164 2941 2161 2941 2157 2941 2154 2941 2150 2941 2150 2945 2126 2965 2033 2948 2030 2948 1812 2965 1788 2945 1788 2941 1785 2941 1781 2941 1778 2941 1671 2962 1626 2938 1623 2938 1619 2938 1523 2958 1354 2938 1351 2938 1347 2938 1344 2938 1313 2958 1034 2934 1030 2934 1027 2934 982 2958 885 2941 882 2941 765 2958 696 2934 692 2934 417 2934 413 2934 410 2934 358 2955 358 3062"/></Shape>
            <String CONTENT="Mon royaume nest point de ce mõde."
                    HPOS="355"
                    VPOS="2934"
                    WIDTH="2030"
                    HEIGHT="190"
                    WC="0.9871011291231427"></String>
          </TextLine>
          <TextLine ID="eSc_line_8ffc81b8"
                    TAGREFS="LT8"
                    BASELINE="348 3206 2371 3213" 
                    HPOS="344"
                    VPOS="3086"
                    WIDTH="2027"
                    HEIGHT="182">
            <Shape><Polygon POINTS="348 3206 344 3241 361 3258 361 3261 365 3261 368 3261 372 3261 558 3241 589 3261 592 3261 596 3261 599 3261 868 3244 1016 3261 1020 3261 1023 3261 1027 3261 1054 3241 1220 3261 1223 3261 1330 3241 1354 3258 1357 3258 1361 3258 1364 3258 1471 3244 1506 3265 1509 3265 1513 3265 1516 3268 1588 3268 1588 3265 1592 3265 1595 3265 1595 3261 1613 3244 1668 3265 1671 3265 1675 3265 1806 3244 1864 3261 1868 3261 1871 3261 2164 3244 2281 3265 2285 3265 2288 3265 2367 3241 2371 3213 2367 3113 2143 3089 2140 3089 1926 3110 1895 3089 1892 3089 1888 3089 1513 3089 1509 3089 1506 3089 1430 3110 1320 3086 1316 3086 1313 3086 1237 3110 772 3110 727 3086 723 3086 720 3086 716 3086 637 3106 475 3086 472 3086 348 3103 348 3206"/></Shape>
            <String CONTENT="Et quiconques est de la uerite/ il oyt"
                    HPOS="344"
                    VPOS="3086"
                    WIDTH="2027"
                    HEIGHT="182"
                    WC="0.9954128610460382"></String>
          </TextLine>
          <TextLine ID="eSc_line_0b94aa20"
                    TAGREFS="LT8"
                    BASELINE="344 3351 2376 3371" 
                    HPOS="336"
                    VPOS="3234"
                    WIDTH="2038"
                    HEIGHT="176">
            <Shape><Polygon POINTS="341 3348 336 3389 2363 3410 2374 3368 2368 3234 341 3234 341 3348"/></Shape>
            <String CONTENT="ma uoix. Et en S. Marc dit il que le"
                    HPOS="336"
                    VPOS="3234"
                    WIDTH="2038"
                    HEIGHT="176"
                    WC="0.9751713971296946"></String>
          </TextLine>
          <TextLine ID="eSc_line_f43cac2f"
                    TAGREFS="LT8"
                    BASELINE="348 3496 2357 3513" 
                    HPOS="344"
                    VPOS="3375"
                    WIDTH="2013"
                    HEIGHT="179">
            <Shape><Polygon POINTS="348 3496 344 3527 417 3551 420 3551 423 3551 565 3534 630 3551 634 3551 637 3554 2354 3554 2357 3513 2354 3413 2223 3392 2219 3392 2216 3392 2181 3410 2147 3392 2143 3392 2140 3392 1812 3406 1778 3389 1775 3389 1771 3389 1554 3406 1416 3385 1413 3385 1230 3403 1130 3382 1127 3382 792 3399 751 3379 747 3379 744 3379 482 3396 348 3375 348 3496"/></Shape>
            <String CONTENT="tẽps est remply/ et le royaume de dieu"
                    HPOS="344"
                    VPOS="3375"
                    WIDTH="2013"
                    HEIGHT="179"
                    WC="0.9999364752035874"></String>
          </TextLine>
          <TextLine ID="eSc_line_0fed9fb1"
                    TAGREFS="LT8"
                    BASELINE="351 3640 2335 3655" 
                    HPOS="341"
                    VPOS="3503"
                    WIDTH="1991"
                    HEIGHT="201">
            <Shape><Polygon POINTS="346 3637 341 3673 429 3704 434 3704 439 3704 2327 3694 2332 3652 2327 3544 2136 3513 2130 3513 2125 3513 2022 3539 1510 3508 1308 3508 1303 3508 1298 3508 1293 3508 1293 3513 1267 3534 874 3503 868 3503 863 3503 858 3503 858 3508 837 3523 817 3503 812 3503 806 3503 801 3503 796 3503 687 3528 346 3518 346 3637"/></Shape>
            <String CONTENT="approchera. Et en S. Matthieu. Que"
                    HPOS="341"
                    VPOS="3503"
                    WIDTH="1991"
                    HEIGHT="201"
                    WC="0.9794988772448372"></String>
          </TextLine>
          <TextLine ID="eSc_line_de586ba1"
                    TAGREFS="LT8"
                    BASELINE="348 3785 2343 3806" 
                    HPOS="344"
                    VPOS="3664"
                    WIDTH="1999"
                    HEIGHT="193">
            <Shape><Polygon POINTS="348 3785 344 3813 465 3840 468 3840 644 3819 678 3844 682 3844 685 3844 689 3844 971 3823 1020 3847 1023 3847 1027 3847 1254 3826 1275 3844 1275 3847 1278 3847 1282 3847 1375 3850 1378 3850 1657 3830 1806 3850 1809 3850 1923 3833 2336 3857 2343 3806 2340 3709 1957 3678 1954 3678 1950 3678 1888 3702 1771 3685 1768 3685 1764 3685 1719 3702 1271 3699 1220 3671 1216 3671 1213 3671 1209 3671 1144 3692 1123 3671 1120 3671 1116 3671 916 3668 913 3668 765 3692 651 3664 647 3664 644 3664 530 3689 348 3689 348 3785"/></Shape>
            <String CONTENT="rez p̃mieremẽt le royaume de dieu ⁊c."
                    HPOS="344"
                    VPOS="3664"
                    WIDTH="1999"
                    HEIGHT="193"
                    WC="0.9908316339317121"></String>
          </TextLine>
          <TextLine ID="eSc_line_eb689775"
                    TAGREFS="LT8"
                    BASELINE="344 3930 2350 3954" 
                    HPOS="341"
                    VPOS="3802"
                    WIDTH="2009"
                    HEIGHT="207">
            <Shape><Polygon POINTS="344 3930 341 3978 544 3964 830 3988 834 3988 837 3988 916 3968 1137 3992 1140 3992 1144 3992 1147 3992 1182 3971 1261 3995 1264 3995 1268 3995 1271 3995 1320 3978 1340 3995 1344 3995 1347 3995 1351 3995 1657 3978 1806 4002 1809 4002 1954 3981 2081 4005 2085 4009 2312 4009 2312 4005 2316 4005 2319 4005 2347 3981 2350 3954 2350 3850 2281 3833 2278 3833 2274 3833 2143 3850 2112 3826 2112 3823 2109 3823 2105 3823 2102 3823 2099 3823 2012 3844 1957 3819 1954 3819 1950 3819 1785 3847 1744 3816 1740 3816 1737 3816 1733 3816 1561 3844 1492 3813 1488 3813 1485 3813 1482 3813 1478 3813 1444 3840 1202 3809 1102 3809 1099 3809 1096 3809 1092 3809 1047 3837 958 3809 954 3809 951 3809 947 3809 944 3809 906 3837 737 3837 634 3806 630 3806 627 3806 623 3806 568 3830 534 3809 530 3809 527 3809 523 3809 520 3809 485 3826 465 3806 465 3802 461 3802 458 3802 454 3802 344 3813 344 3930"/></Shape>
            <String CONTENT="Et il appelle lEuãgile/ un Euãgile"
                    HPOS="341"
                    VPOS="3802"
                    WIDTH="2009"
                    HEIGHT="207"
                    WC="0.9985616786612405"></String>
          </TextLine>
          <TextLine ID="eSc_line_e8df9d9c"
                    TAGREFS="LT8"
                    BASELINE="337 4074 2336 4102" 
                    HPOS="334"
                    VPOS="3954"
                    WIDTH="2002"
                    HEIGHT="196">
            <Shape><Polygon POINTS="337 4074 334 4119 2329 4150 2336 4102 2333 3988 2112 4002 2095 3978 2092 3978 2092 3974 2088 3974 2085 3974 1926 3974 1923 3974 1919 3974 1854 3999 1733 3971 1730 3971 1585 3995 1506 3968 1502 3968 1499 3968 1364 3992 1271 3964 1268 3964 1264 3964 1116 3981 1013 3961 1009 3961 1006 3961 1002 3961 965 3985 837 3985 785 3961 782 3961 778 3961 637 3981 592 3954 589 3954 585 3954 582 3954 579 3954 499 3981 423 3981 389 3954 386 3954 382 3954 379 3954 375 3954 337 3968 337 4074"/></Shape>
            <String CONTENT="du royaume de Dieu/ pource q̃ lEuã"
                    HPOS="334"
                    VPOS="3954"
                    WIDTH="2002"
                    HEIGHT="196"
                    ></String>
          </TextLine>
          <TextLine ID="eSc_line_5d1a30d8"
                    TAGREFS="LT8"
                    BASELINE="327 4226 2350 4243" 
                    HPOS="323"
                    VPOS="4105"
                    WIDTH="2027"
                    HEIGHT="197">
            <Shape><Polygon POINTS="327 4226 323 4281 589 4288 592 4288 596 4288 654 4271 727 4291 730 4291 734 4295 1085 4295 1085 4291 1089 4291 1130 4274 1175 4295 1178 4295 1182 4295 1485 4278 1519 4295 1523 4295 1526 4295 1930 4281 2005 4302 2009 4302 2012 4302 2099 4284 2343 4298 2350 4243 2347 4150 2192 4126 2188 4126 2185 4126 2133 4143 2085 4119 2081 4119 2078 4119 1933 4143 1754 4119 1750 4119 1747 4119 1702 4140 1516 4140 1464 4112 1461 4112 1457 4112 1454 4112 1361 4140 1151 4140 1106 4116 1102 4116 1099 4116 940 4133 909 4109 906 4109 903 4109 899 4109 792 4123 703 4105 699 4105 696 4105 634 4129 589 4105 585 4105 327 4105 327 4226"/></Shape>
            <String CONTENT="gile enseigne/ gouuerne/ et garde ice¬"
                    HPOS="323"
                    VPOS="4105"
                    WIDTH="2027"
                    HEIGHT="197"
                    WC="0.9992962997210654"></String>
          </TextLine>
          <TextLine ID="eSc_line_b400e38e"
                    TAGREFS="LT8"
                    BASELINE="323 4364 2340 4391" 
                    HPOS="320"
                    VPOS="4264"
                    WIDTH="2020"
                    HEIGHT="186">
            <Shape><Polygon POINTS="323 4364 320 4408 627 4429 630 4429 716 4412 1223 4415 1468 4439 1471 4439 1475 4439 1547 4422 1650 4443 2085 4450 2088 4450 2336 4429 2340 4391 2336 4288 323 4264 323 4364"/></Shape>
            <String CONTENT="luy royaume. Ceux donc qui sont fer¬"
                    HPOS="320"
                    VPOS="4264"
                    WIDTH="2020"
                    HEIGHT="186"
                    WC="0.9996937132543988"></String>
          </TextLine>
          <TextLine ID="eSc_line_b9a30346"
                    TAGREFS="LT8"
                    BASELINE="317 4512 2336 4539" 
                    HPOS="313"
                    VPOS="4395"
                    WIDTH="2023"
                    HEIGHT="230">
            <Shape><Polygon POINTS="317 4512 313 4577 541 4574 623 4608 627 4608 630 4608 634 4608 699 4591 820 4612 823 4615 1068 4615 1068 4612 1071 4612 1154 4588 1199 4615 1202 4615 1206 4615 1209 4615 1316 4598 1385 4619 1389 4619 1392 4619 1395 4619 1399 4619 1399 4615 1430 4588 1523 4584 1671 4622 1675 4622 1678 4622 1681 4622 1757 4601 1843 4625 1847 4625 1850 4625 1854 4625 1940 4591 2329 4591 2336 4539 2333 4433 2257 4443 2181 4422 2178 4422 2174 4422 2171 4422 2167 4422 2143 4443 2019 4415 2016 4415 2012 4415 2009 4415 1971 4439 1847 4419 1843 4419 1840 4419 1837 4419 1809 4439 1737 4422 1733 4422 1730 4422 1568 4436 1406 4408 1402 4408 1399 4408 1395 4408 1395 4412 1371 4436 1309 4436 1202 4408 1199 4408 1196 4408 1144 4429 1116 4405 1113 4405 1109 4405 1106 4405 1102 4405 1051 4426 965 4402 961 4402 685 4398 682 4398 678 4398 675 4398 651 4415 541 4395 537 4395 534 4395 441 4419 406 4395 403 4395 399 4395 396 4395 392 4395 317 4419 317 4512"/></Shape>
            <String CONTENT="mes en la foy/ et en lamour de Dieu"
                    HPOS="313"
                    VPOS="4395"
                    WIDTH="2023"
                    HEIGHT="230"
                    WC="0.9980519039290292"></String>
          </TextLine>
        </TextBlock>
        <TextBlock HPOS="1996"
                   VPOS="4598"
                   WIDTH="359"
                   HEIGHT="128"
                   ID="eSc_textblock_ea1b660e"
                   TAGREFS="BT17">
          <Shape><Polygon POINTS="1996 4598 1996 4726 2355 4726 2355 4598"/></Shape>
          <TextLine ID="eSc_line_9d6d0f47"
                    TAGREFS="LT8"
                    BASELINE="2023 4687 2329 4681" 
                    HPOS="2019"
                    VPOS="4563"
                    WIDTH="310"
                    HEIGHT="204">
            <Shape><Polygon POINTS="2023 4687 2023 4767 2267 4767 2267 4763 2271 4763 2329 4739 2329 4681 2319 4563 2019 4581 2023 4687"/></Shape>
            <String CONTENT="nont"
                    HPOS="2019"
                    VPOS="4563"
                    WIDTH="310"
                    HEIGHT="204"
                    WC="0.9998458921909332"></String>
          </TextLine>
        </TextBlock>
        <TextBlock HPOS="2370"
                   VPOS="2807"
                   WIDTH="353"
                   HEIGHT="157"
                   ID="eSc_textblock_f8b9e67d"
                   TAGREFS="BT13">
          <Shape><Polygon POINTS="2370 2807 2370 2964 2723 2964 2723 2807"/></Shape>
          <TextLine ID="eSc_line_b105663b"
                    TAGREFS="LT8"
                    BASELINE="2387 2920 2705 2920" 
                    HPOS="2384"
                    VPOS="2686"
                    WIDTH="315"
                    HEIGHT="305">
            <Shape><Polygon POINTS="2384 2919 2384 2991 2699 2991 2699 2919 2699 2722 2384 2686 2384 2919"/></Shape>
            <String CONTENT="Ieh.18."
                    HPOS="2384"
                    VPOS="2686"
                    WIDTH="315"
                    HEIGHT="305"
                    WC="0.9926465834890094"></String>
          </TextLine>
        </TextBlock>
        <TextBlock HPOS="2373"
                   VPOS="3255"
                   WIDTH="373"
                   HEIGHT="160"
                   ID="eSc_textblock_c970ed67"
                   TAGREFS="BT13">
          <Shape><Polygon POINTS="2373 3255 2373 3415 2746 3415 2746 3255"/></Shape>
          <TextLine ID="eSc_line_01281307"
                    TAGREFS="LT8"
                    BASELINE="2398 3372 2736 3375" 
                    HPOS="2399"
                    VPOS="3218"
                    WIDTH="331"
                    HEIGHT="233">
            <Shape><Polygon POINTS="2399 3430 2436 3451 2441 3451 2446 3451 2451 3451 2725 3425 2730 3373 2725 3270 2586 3270 2534 3224 2534 3218 2529 3218 2523 3218 2518 3218 2405 3234 2405 3368"/></Shape>
            <String CONTENT="Mar.1."
                    HPOS="2399"
                    VPOS="3218"
                    WIDTH="331"
                    HEIGHT="233"
                    WC="0.9829319914182028"></String>
          </TextLine>
        </TextBlock>
        <TextBlock HPOS="2355"
                   VPOS="3537"
                   WIDTH="415"
                   HEIGHT="163"
                   ID="eSc_textblock_e17b3565"
                   TAGREFS="BT13">
          <Shape><Polygon POINTS="2355 3537 2355 3700 2770 3700 2770 3537"/></Shape>
          <TextLine ID="eSc_line_6c09a98a"
                    TAGREFS="LT8"
                    BASELINE="2378 3655 2747 3658" 
                    HPOS="2379"
                    VPOS="3513"
                    WIDTH="367"
                    HEIGHT="243">
            <Shape><Polygon POINTS="2379 3756 2741 3714 2746 3658 2746 3518 2384 3513 2384 3652"/></Shape>
            <String CONTENT="Mat.6."
                    HPOS="2379"
                    VPOS="3513"
                    WIDTH="367"
                    HEIGHT="243"
                    WC="0.9995691180229187"></String>
          </TextLine>
        </TextBlock>
      </PrintSpace>
    </Page>
  </Layout>
</alto>
