4267 6329
1561 664 227 290 78

2469 745 714 190 De la Foy.

1903 2613 371 266 M

1872 875 2062 253 Car Iesus Christ est mort pour noꝰ,

1872 1091 2094 158 affin que ne craignons point a mou¬

1882 1218 2084 195 rir. Et il a tue la mort, ⁊ a destruit la

1867 1367 2100 197 uertu de la mort, cõme escript sainct

1874 1518 2093 197 Paul disant: O mort, ou est ta uictoi

1864 1670 2100 197 re? Elle est absorbee, ⁊ aneãtie par ui

1860 1817 2104 208 ctoire. Et aux Philippẽses. Ma uie

1864 1969 2047 207 est Christ, ⁊ la mort mest gaignaige.

2009 2125 1878 185 ¶ Cõment la Foy ameine chari¬

2004 2267 1709 185 te/ ⁊ charite bonnes oeuures.

2389 2420 1039 201 Chapitre .uiii.

2265 2580 1692 169 Aintenant pourroit on deman

2285 2707 1668 190 der. Quãd ie croy certainemẽt

1881 2858 2065 204 que ie suys enfant de Dieu/ ⁊ que Ie¬

1889 3009 2057 187 sus Christ a satisfaict pour moy uers

1878 3164 2079 197 dieu son Pere celeste/ comme enseigne

1871 3305 2072 204 sainct Paul, disant: Qui a dõne soy¬

1882 3459 2052 195 mesme un pris: ⁊ renceon pour tous.

1874 3607 2072 193 Quãd dõc ie croy, ne me fault il alors

1867 3755 2058 200 riẽ faire? ne me faut il faire nulz biẽs?

1874 3906 2055 193 Ne garderay ie point les commande¬

1871 4043 2016 211 meus de dieu? Escoute ce que respond

1888 4182 1993 232 sainct Paul. La foy (dit il) oeuure

1878 4349 2009 200 par dilection. Quãd donc tu croys ce¬

1885 4493 2005 211 cy, sans rien doubter, assauoir, que tu

1871 4634 2023 246 es enfant de dieu ⁊ que dieu te a ainsi

3633 4803 271 207 faict

1413 938 459 195 Phili.1.

1418 1091 438 164 1.Cor.15.

1424 1218 448 211 Phili.1.

1434 3327 443 338 2.Tim̃.2.

1434 4166 427 264 Gala.5.
