4267 7486
2961 692 243 312 41

1186 748 953 216 Chapitre .iiii.

491 935 2418 254 nous uoulsissent persuader/ et faire

499 1127 2415 224 croire autremẽt. Nous croyrõs certai¬

491 1293 2418 245 nemẽt q̃ la ꝓmesse de Dieu aduiẽdra/

507 1480 2407 229 et sera accomplie/ et que Dieu nous

512 1646 2299 219 tiendra tout ce quil nous a promis.

643 1815 2280 237 Mais q̃lle chose nous a Dieu pro¬

499 2004 2402 212 mis? Dieu nous a promis sa uie eter

474 2177 2399 224 nelle/ quand il disoit. Ayez repentãce/

478 2345 2415 225 la uie eternelle uous est prochaine. Et

487 2514 2380 237 en un autre passage en S. Marc.

503 2703 2386 224 Qui croyra/ ⁊ sera baptise/ il sera sau

516 2886 2385 208 ue. Dauantaige il nous a ꝓmis/ re¬

524 3048 2373 225 mission de tous pechez Comme disoit

520 3210 2385 225 S. Pierre/ parlant de Iesu Christ a

495 3393 2381 225 Cornille le Centenier. A cestuy baillẽt

520 3564 2377 228 tesmoignage (dit il) tous les prophe¬

520 3751 2377 216 tes/ que quicõques croyra en luy/ rece¬

528 3917 2344 233 pura remission de ses pechez par son

541 4084 2339 245 nom. Cest a dire/ que tous ceux/ qͥ dun

541 4267 2339 228 entier couraige sabãdonnẽt a Dieu/

541 4429 2360 249 ⁊ mettent toute leur cõfidẽce en sa gra

532 4616 2352 229 ce ⁊ misericorde/ iceux aurõt remissiõ/

520 4782 2373 250 et pardon de toꝰ leurs pechez. En oul¬

524 4978 2360 220 tre nous a il ꝓmis/ q̃ nous serons en¬

524 5134 2368 224 fans de Dieu/ cõme dit S. Iehã. Il

512 5319 2377 270 leur a donne puissance destre enfans

2111 5502 787 274 C 5 de

2905 2052 487 287 Mat.4.

2898 2476 506 312 Mar.16.

2901 3335 387 254 Act.10.

2898 5102 431 487 Ioan.1.
