4267 6154
2468 656 188 185 111

1077 615 837 198 Chapitre .xii.

420 779 2004 195 mour de Dieu gist toute la loy, ⁊ les

434 926 1983 215 Prophetes (cõme dit Iesus Christ)

430 1083 1977 188 ⁊ a la uraye Chrestiẽte, ⁊ point en ieu

430 1223 2000 189 ner, celebrer festes, ueiller, longues

434 1370 2003 199 prieres ⁊ chãteries, iournellemẽt ouyr

427 1514 2010 202 messe, attacher des chandelles, courir

420 1671 2004 185 en pelerinages, ⁊ autres telles choses

403 1805 2017 205 lesquelles font aussi bien les hypocri¬

393 1952 2027 212 tes, outrecuidez, enuieux, ⁊ subiectz a

386 2099 2021 201 telles peruerses affections/ ⁊ souuen¬

403 2246 2004 205 tesfois plus, q̃ ne fons les bõs. Chre¬

410 2379 1993 209 stiẽs. Et tãt sen fault q̃ telles oeuures

410 2523 1993 212 ne soyent bonnes quelles sont du tout

413 2666 1994 216 deffendues de Dieu. Mais seruir et

400 2817 2007 215 secourir par uraye charite lun a lau¬

396 2967 2014 215 tre, ne scait nul faire, que ceux qui ont

400 3094 1993 232 uraye foy, ⁊ uraye amour en Dieu.

396 3261 1990 209 Et quiconques a ainsi lamour de son

410 3398 1966 212 frere Chrestiẽ/ il est tousiours ioyeux

413 3541 1973 226 en sa cõscience, car il scait certainemẽt

406 3678 1970 240 qͥl est enfant de Dieu, ⁊ que Dieu est

400 3825 1965 243 son bon pere, ⁊ est bien content en son

389 3979 1976 226 couraige de tout ce q̃ dieu luy enuoye.

382 4126 1983 229 Mais celuy qui na point ceste dilectiõ

369 4270 2014 232 est tousiours triste, ⁊ angoisseux, ⁊ ne

365 4424 2004 249 scait que faire pour plus meriter. Il

1979 4629 366 191 ieune,

2468 1049 404 222 Mat.2◊
