4267 6154
2482 620 272 241 65

967 629 903 194 Chapitre ui.

420 800 2007 201 dition des sainctz en lumiere, qͥ noꝰ a

423 957 2007 188 deliure de la puissance des tenebres, et

423 1104 1987 198 trãsporte au royaume de son filz bien

427 1254 1997 168 ayme/ par lequel nous auons redem¬

427 1388 1997 201 ptiõ par le sang diceluy et remissiõ de

417 1545 2007 181 noz pechez. Telles gens qui le pẽsent

413 1695 2007 178 acq̃rir sõt souuẽt reprouuez de Dieu/

394 1835 2006 185 cõe le Pharisien qͥ recitoit a Dieu ses

400 1982 2013 182 bõnes oeuures/ cõe sil ne les eut point

400 2123 2007 188 sceu. Mais si tu ueulx auoir le royau

396 2270 2021 191 me des cieux/ ie te dõneray conseil. Ne

410 2417 1993 174 te fie pas en tes bõnes oeuures/ mais

420 2557 1987 178 toy exerceãt selon ton pouoir es oeu¬

417 2690 1990 185 ures de charite/ ⁊ misericorde uers ton

417 2841 2007 184 frere Chrestien/ faict cõe tenseigne nr̃e

405 2979 2015 200 Seigñr en Leuangile/ disant. Quãd

410 3121 1990 202 uous aurez faictz tout ce que uoꝰ est

406 3275 2001 181 cõmande/ dictes encore sommes nous

417 3412 1990 201 seruiteurs inutiles. Telle humble opi

410 3565 1993 178 nion et sentemẽt doibt auoir lhomme

400 3706 1996 208 Chrestien de soymesme sil ueult estre

400 3856 2000 195 sauue. Car comme dit sainct Iaques/

400 3993 2000 205 Dieu resiste tousiours aux orgueil¬

393 4147 2017 198 leux/ mais aux hũbles dõne il grace.

393 4287 2014 208 Car Dieu ayme beaucop plus un pe¬

396 4441 2017 225 cheur/ qui se humilie ⁊ se ꝓsterne a ses

1832 4605 571 222 E piedz

2430 1846 416 200 Luce.18.

2441 2959 395 271 Luce.23.

2420 3830 405 231 Iaqu.4.
