4267 6400
2499 629 160 256 2

1095 625 793 199 Chapitre .ii.

472 785 2084 214 ge mer/ cest a dire en lẽtreprinse de no

469 952 2094 196 stre bataille/ et que doubtons/ ou que

462 1098 2098 199 nostre bataille nous semblast trop du

472 1258 2091 164 re et amere/ nous regarderons nostre

490 1400 2066 192 signe ⁊ gaige quauõs receu de dieu/

476 1564 2087 164 par lequel il nous a promis que nous

476 1703 2069 195 sommes ses enfans/ et quil ne nous

458 1861 1168 176 abandonnera point.

558 1998 1991 188 Ainsi diz ie donc que par nostre foy

465 2179 2063 164 tous noz pechez nous sont pardõnez/

469 2304 2069 184 ⁊ que nous sommes enfans de Dieu/

476 2449 2073 192 et a luy appartenõs/ et que Dieu mõ

490 2595 2077 185 strera sur nous sa misericorde. Sur ce

490 2744 2080 192 recepuõs nous un gaige/ cest le signe

487 2890 2080 203 du baptesme/ affin que toutes ⁊ quan

487 3047 2080 192 tesfois que auons regard a cestuy si¬

490 3196 2073 192 gne/ nous soyons remembrans de la

497 3342 2070 192 grace et misericorde que Dieu nous a

515 3495 2041 206 faict: et que luy appartenons/ et que

512 3637 1370 197 sommes enfans de dieu.

618 3776 1920 192 Regarde maintenant uois tu bien

515 3939 2045 210 quelle chose signifie le baptesme. Cest

512 4092 2055 206 tout un deuant Dieu/ si tu as quatre

508 4245 2048 192 uingtz ans, ou uingt quãd tu receois

490 4394 2070 206 le baptesme. Car dieu ne regarde poĩt

490 4565 2080 249 combien ancien tu es/ mais auec quel

2115 4725 441 242 propoz
