4267 6225
1619 594 277 242 250

2477 567 855 190 De la guerre.

1868 740 2149 228 guerre. Ceste chosehorrible poͬ corps

1875 902 2146 208 et ame dentreprendre/ ⁊ mouuoir une

1882 1047 2132 218 guerre/ car toute malice regne en tẽps

1886 1203 2128 211 de guerre. Neãtmoins quãd un paya

1886 1355 2135 215 ou une uille est assiegee/ ⁊ q̃ la cõmu¬

1882 1497 2146 232 ne paix est troublee: ⁊ q̃ grãd force est

1892 1656 2118 232 faicte aux subiectz/ le Seigñr diceluy

1899 1808 2118 232 pays est tenu ꝑ charite fraternelle day

1896 1964 2139 225 der ses subiectz/ ⁊ de les defendre/ ⁊ de

1903 2116 2139 221 punir les mauuais/ ⁊ de mettre sa uie

1917 2258 2128 225 pour ses subiectz. Mais il se doibt

1917 2410 2118 211 toutesfoys garder de saire ce poͬ uen¬

1937 2562 2087 211 ger son iniure/ ou poͬ abaisser le payz:

1931 2707 2086 211 mais seulemẽt poͬ deffendre subiectz/

1931 2860 2093 204 et pour ordõner lhorrible besongne de

1931 3012 2093 214 la guerre a charite/ ⁊ ce se peut aĩsi fai¬

1941 3164 2069 214 re Chrestiẽnemẽt. Mais sil est possi

1941 3326 2056 191 ble daccorder pour or ou argent/ on le

1948 3468 2042 204 doibt faire. Car la uie du Chrestien

1958 3617 2049 204 uault plꝰ q̃ toutes les richesses du mõ

1958 3766 2052 211 de. Et un Seigñr pẽsera tousioͬs

1976 3914 2045 222 qͥl y a un roy ꝑ dessuz luy au ciel/ de¬

1965 4073 2049 204 uant leq̃l toutes ꝑsonnes doibuẽt ren

1965 4229 2038 190 dre cõpte au dernier iour du iugemẽt:

1988 4373 2019 192 mesmement aussi des moindres oeu¬

1979 4520 2018 235 ures/ ⁊ pẽsees qͥlz aurõt faict: soit roy

3488 4682 522 225 ou empe¬

1479 4336 493 249 2.colos.5
