4267 6154
2256 661 257 251 149

929 683 930 199 Chapitre .xuii.

273 841 2034 218 le soit contre son salut: dauãtaige cest

276 1008 2031 185 grande folie a toy promettre ce qui est

280 1145 2027 208 impossible de garder (⁊ ce font il fai¬

276 1299 2025 191 reͬles trompeurs aux petiz ẽfans/ af¬

283 1432 2035 215 fin que lestat se maintiẽne.) Et uault

276 1582 2018 206 mieux destre honteux icy deuãt le mõ

273 1723 2017 212 de/ que deuant Dieu. Mais quest

266 1883 2017 192 ce que tu as promis/ quand tu feitz ta

259 2013 2011 216 professiõ? As tu promis q̃ tu ne ueux

263 2167 2014 205 point uinre selon la promesse q̃ tu as

273 2321 1987 185 faict au baptesme? Tu dis que non/

273 2465 1997 184 mais pourtãt (dis tu) suys ie entre en

270 2605 2013 191 religion/ pour mieux accomplir la ꝓ¬

270 2745 2020 195 messe faicte au baptesme. Quãd donc

249 2909 2045 178 tu aperceots que tu uiz pire au mona

276 3046 2011 188 stere/ que ne faisois/ quãd tu estois se¬

270 3206 2017 178 culier/ pour quoy nose tu de rechef ap¬

287 3343 1993 188 prehẽder la uie, ⁊ lestat, auq̃l tu peuz

283 3480 1997 195 mieux faire ton salut sans scãdalizer

290 3654 1997 168 aucun/ mais dauantaige amẽder au¬

290 3798 1956 171 truy? Ou si tu es entre en religion poͬ

283 3924 1997 195 querir le salut de ton ame, ⁊ tu y treu¬

287 4078 1979 185 ue plus de noise/ dẽuie/ de beuueries/

290 4215 2007 198 banquetz/ diuisiõs/ ou haynes/ q̃ dont

290 4365 2000 195 tu es uenu/ tu peuz/ tousioͬs dire/ Ie

307 4516 1987 239 suys icy uenu pour amẽder ma uie/ ⁊

1716 4670 574 198 K 3 ie
