4267 6200
2371 675 227 179 21i

885 675 934 193 Chapitre .xxu.

379 826 2009 210 bon fondemẽt pour le temps a uenir:

386 981 2006 207 affin qͥlz puissent apprehẽder la uraye

387 1136 2007 212 uie. Et un peu deuãt. Ceux (dist il) qͥ

392 1284 2000 200 ueulent deuenir riches/ ilz tresbuchẽt

389 1426 2003 206 plus souuẽt en tentation ⁊ au lacz du

382 1577 2010 196 diable/ ⁊ en plusieurs desirs inutiles ⁊

375 1725 1999 193 nuysables/ lesquelz plongẽt lhõme en

368 1873 2027 193 destruction et perdition. La racine de

351 2021 2041 190 toꝰ maux est couuoytise/ laq̃lle aucũs

348 2166 2047 193 appetant ont erre en la foy/ et se sont

337 2307 2061 197 mys en plusieurs douleurs. Et plu¬

344 2452 2054 183 sieurs autres passaiges sont en la sain

351 2586 2037 197 cte escripture/ lesq̃lz doibuẽt fort espo¬

351 2728 2058 179 uãter les riches/ ⁊ bailler grãd cõsola

355 2876 2054 179 tiõ aux paoures. Car toꝰ riches doib¬

355 3020 2061 200 uent scauoir que quãd ilz ne secourent

351 3162 2044 213 point les paoures de leurs richesses/

361 3306 2037 207 quilz font aussi grãd peche/ cõme silz

372 3461 2020 193 desroboyent autruy. Car Dieu leurs

358 3613 2034 182 a donne les richesses/ point pour bra¬

361 3747 2020 207 guer/ faire grosse chiere/ et estre Sei¬

361 3906 2020 196 gneurs: mais affin qͥlz soyẽt seruiteͬs

351 4050 2041 190 de tout le mõde/ et pour en ayder tou¬

344 4188 2048 200 tes paoures personnes/ cõme paoures

361 4343 2034 186 uierges/ ou ieunes filles a lestat de

355 4495 2043 217 mariage/ affin q̃lles ne uiennẽt point

1389 4629 999 231 O 2 a deshon

2410 1121 362 212 1.tim.6.
