4267 6200
2305 702 245 234 257

971 702 879 190 Chapitre .xxx.

341 850 2019 197 quoy il faudra rendre estroict compte

334 1005 1999 193 a Dieu. Car S. Paul commãde aux

341 1157 1999 182 Seigneurs de traicter les seruans en

331 1312 1996 160 toute doulceur. Comme aux Ephe¬

341 1450 2023 179 siens. Et uous Seigneurs ou mai¬

323 1591 2055 189 stres (dist il) monstrez la mesme amy¬

327 1742 2027 176 tie et dilection a uoz seruãs qͥlz uous

323 1891 2034 168 monstrent/ uous abstenans de mena

313 2021 2037 200 ces/ sachans que le Seigneur diceux ⁊

306 2176 2037 183 le uostre est es cieux/ et nest nulle di¬

306 2325 2034 172 stinction de personne deuant Dieu.

289 2443 2467 202 Et aux Colossenses. Seigneurs fai¬

310 2597 2044 186 ctes a uoz seruans ce qui est iuste et

299 2741 2048 190 raisonnable/ sachans que uous auez

313 2893 2003 172 pareillement un Seigneur au ciel.

310 3038 2040 182 Neantmoins combien que soyent rigo

306 3186 2044 165 reux et durs les Seigneurs/ ie conseil

299 3332 1992 176 le (auec S. Pierre en sa premiere Epi

320 3475 2009 172 stre) a tous seruans/ ⁊ seruãtes/ quilz

320 3620 2006 168 ueulent tout porter en patience ce que

306 3771 2020 179 leurs maistres ou dames chargent ou

313 3912 2020 166 font/ et ce pour lamour de Dieu: si ce

306 4054 2030 196 nest quon leur commandast chose qui

310 4202 2019 193 fust contre Dieu: car alors fault il plꝰ

313 4346 2030 193 obeyr a Dieu que aux hõmes cõe dit

317 4491 1785 217 S. Pierre es Actes des Apostres.

1568 4639 761 231 R ¶ De la

2348 1296 413 331 Ephe.6.

2389 2485 372 196 Colos.2.

2301 3332 383 222 1.Pet.2.

2333 4529 296 214 Act.5.
