4267 7559
2927 755 252 257 191

1196 705 1193 265 Chapitre .xxiii.

302 907 2595 273 en dilection. Les parens se doibuẽt

298 1108 2604 240 diligemment garder destriuer lun con

293 1289 2604 268 tre lautre/ ⁊ de iurer/ ou de dire quelq̃

285 1482 2596 256 autre parolle desordonnee/ ou deshon

285 1671 2600 252 nẽste principalement deuant leurs en

306 1851 2566 261 fans/ car ilz lapprennent tout de ieu¬

298 2032 2566 273 nesse/ ⁊ ne le scaiuent laisser en leurs

302 2221 2549 260 uieux iours. Et il ne faut iamais

277 2402 2570 273 mõstrer tristesse ne faire aucune plaĩ¬

268 2591 2579 273 cte deuant les enfans/ pour parte de

256 2775 2587 265 biens terriẽs/ ou pour ce quõ na point

260 2956 2579 285 bien gaigner. Car quãd ilz oyẽt plain

260 3132 2583 282 dre pour telles choses/ ilz acquierent

260 3325 2587 265 un desir ⁊ amour des choses tempo¬

272 3510 2558 269 relles/ tellement quilz ne prennent en

251 3703 2583 273 autre chose nul plaisir que es richesses

260 3880 2566 269 temporelles/ ⁊ nont de rien tristesse

285 4065 2528 285 fors pour la perte de telles choses. Car

281 4258 2520 273 ilz apprennent telles choses de leurs

281 4434 2511 302 parẽs. Et lenfant nensuyt rien si tost

264 4623 2537 298 que ce quil uoit faire a pere ⁊ mere/ ⁊

247 4799 2554 303 a tous ses parens ⁊ amys. Finable

247 4988 2545 307 ment faut il moult songneusement

247 5182 2537 289 regarder silz ont desir ou uolunte de

256 5358 2532 307 soy mettre a lestat de mariage/ ⁊ quãd

256 5551 2524 361 on uerra cela il les faut incontinent

2231 5788 523 309 ayder/
