4267 7123
1262 680 265 242 96

1935 648 1706 230 De deux sortes de gens.

1476 831 2454 269 Dieu, comme ilz doibuent. Et apper¬

1484 1020 2454 250 coiuent aussi que cõbien ilz considerẽt

1492 1202 2454 246 de pres, ilz se sentẽt tousiours defail¬

1480 1373 2462 249 lantz en detractiõ, en hastiuete, en cou

1488 1551 2458 249 roux, en parolles oyseuses, en infide¬

1488 1717 2462 249 lite, ⁊ faulte de charite. Iasoit que les

1492 1895 2450 257 telz facent moult de biẽs: leur cõscien¬

989 2077 2941 253 Ro.14. ce nest point pourtant contente, ne en

993 2263 2941 234 2.Cor.5. repos: mais quãt a eux mesmes tous¬

1500 2425 2442 246 iours en soussy. Car ilz scaiuent quil

1508 2591 2434 262 fault cõparoir deuãt le iuste iuge, de¬

1512 2766 2422 253 uant la face duq̃l (cõme dit le Psal¬

1151 2928 2791 253 L

1527 3114 2399 241 falloit estre iuge selon noz dessertes.

1516 3284 2414 245 Et pourtant uiennent ilz, ⁊ se ꝓster¬

1516 3466 2418 237 nent deuant la misericorde de Dieu, ⁊

1523 3632 2411 246 disent auec le larron dextre. Sire aye

1527 3814 2391 234 souuenance de moy quãd tu uiẽdras

1523 3984 2411 250 en ton royaume. Tu mas commande

1519 4159 2387 237 beaucop de choses ⁊ iaparcoys en moy

1523 4333 2379 249 que ie suis fragile/ ⁊ q̃ ne scay du tout

1527 4511 2356 237 garder tes cõmandemens/ cõbien que

1547 4677 2308 253 soye sur mon guet. Neãtmoins ie scay

1539 4863 2312 225 q̃ tu nas q̃ faire de mes bõnes oeures,

1539 5021 2312 246 ⁊ tu es puissant de me sauuer sãs mes

1068 5207 2787 305 Rom.5. oeures. Sil est ainsi/ que tu mas tant

3491 5373 368 305 ayme
