4267 6154
2451 700 164 202 61

1083 697 783 188 Chapitre .ui.

362 847 2027 219 aussi q̃ de sa propre nature/ il nest au¬

365 1011 2042 192 tre chose q̃ bonte/ ⁊ misericorde/ cõme

362 1165 2027 188 il a tousiours ẽseigne ⁊ mõstre, quãd

362 1299 2038 198 il estoit enseignant au monde. Car il

362 1439 2027 208 na iamais nul cõtẽne/ ne laisse descõ¬

365 1586 2007 215 forte de q̃lconq̃ chose q̃ on luy ait reqͥs,

355 1740 2021 205 fors seulemẽt ceux qͥ ne uouloyẽt croy

338 1883 2027 199 re. Pourtãt te fault il scauoir une

345 2023 2024 212 foys pour tout/ q̃ par la seule grace de

328 2184 2041 190 Dieu nous sommes sauuez/ ⁊ dieu ne

341 2328 2014 191 ueult poĩt q̃ tu mettes tes bõnes oeu¬

345 2461 2017 222 ures ou ta iustice auec la siẽne, preten

345 2605 2010 219 dant de layder par tes oeuures: car, il

335 2745 2024 215 se ueult faire seul, et ne ueult auoir

331 2892 2017 226 quelq̃ ayde. Car il na q̃ faire du cõseil

317 3042 2031 219 ne du faict, ne aussi des oeuures/ ne de

317 3184 2016 216 la iustice daucũ. Car sainct Paul dit.

321 3323 2017 242 Uous estes sauues par grace/ par le

328 3466 2003 253 moyen de la foy/ ⁊ non point ꝑ uous.

321 3617 2010 236 Car cest le don de dieu non point par

314 3767 2014 236 les oeuures/ affin que nul se glorifie.

304 3904 2010 239 Cõme seroit il possible de le dire plus

307 4061 2011 231 clairemẽt. Et aux Romains. Estans

302 4194 1995 236 iustifiez par foy/ noꝰ auõs paix uers

307 4341 1997 243 dieu. Et sainct Iehan dit. Il est la re¬

287 4477 2005 292 cõciliation pour noz pechez. La mort

2130 4707 147 192 de

2338 3200 436 277 Ephe.2.

2333 4061 380 251 Rom.5.

2307 4533 380 256 1.Ieh.2.
