<?xml version="1.0" encoding="UTF-8"?>
<alto xmlns:xsi="http://www.w3.org/2001/XMLSchema-instance"
      xmlns="http://www.loc.gov/standards/alto/ns-v4#"
      xsi:schemaLocation="http://www.loc.gov/standards/alto/ns-v4# http://www.loc.gov/standards/alto/v4/alto-4-2.xsd">
  <Description>
    <MeasurementUnit>pixel</MeasurementUnit>
    <sourceImageInformation>
      <fileName>La_somme_de_lescripture_saincte_...Luther_Martin_bpt6k328613m.pdf_page_79.png</fileName>
      <fileIdentifier>pdf//La_somme_de_lescripture_saincte_...Luther_Martin_bpt6k328613m.pdf</fileIdentifier>
    </sourceImageInformation>
  </Description>
  <Tags>
    <OtherTag ID="BT7" LABEL="CustomZone" DESCRIPTION="block type CustomZone"/><OtherTag ID="BT8" LABEL="DamageZone" DESCRIPTION="block type DamageZone"/><OtherTag ID="BT9" LABEL="DigitizationArtefactZone" DESCRIPTION="block type DigitizationArtefactZone"/><OtherTag ID="BT10" LABEL="DropCapitalZone" DESCRIPTION="block type DropCapitalZone"/><OtherTag ID="BT11" LABEL="GraphicZone" DESCRIPTION="block type GraphicZone"/><OtherTag ID="BT12" LABEL="MainZone" DESCRIPTION="block type MainZone"/><OtherTag ID="BT13" LABEL="MarginTextZone" DESCRIPTION="block type MarginTextZone"/><OtherTag ID="BT14" LABEL="MusicZone" DESCRIPTION="block type MusicZone"/><OtherTag ID="BT15" LABEL="NumberingZone" DESCRIPTION="block type NumberingZone"/><OtherTag ID="BT17" LABEL="QuireMarksZone" DESCRIPTION="block type QuireMarksZone"/><OtherTag ID="BT18" LABEL="RunningTitleZone" DESCRIPTION="block type RunningTitleZone"/><OtherTag ID="BT19" LABEL="SealZone" DESCRIPTION="block type SealZone"/><OtherTag ID="BT20" LABEL="StampZone" DESCRIPTION="block type StampZone"/><OtherTag ID="BT21" LABEL="TableZone" DESCRIPTION="block type TableZone"/><OtherTag ID="BT22" LABEL="TitlePageZone" DESCRIPTION="block type TitlePageZone"/><OtherTag ID="BT3120" LABEL="text" DESCRIPTION="block type text"/>
    <OtherTag ID="LT7" LABEL="CustomLine" DESCRIPTION="line type CustomLine"/><OtherTag ID="LT8" LABEL="DefaultLine" DESCRIPTION="line type DefaultLine"/><OtherTag ID="LT9" LABEL="DropCapitalLine" DESCRIPTION="line type DropCapitalLine"/><OtherTag ID="LT10" LABEL="HeadingLine" DESCRIPTION="line type HeadingLine"/><OtherTag ID="LT11" LABEL="InterlinearLine" DESCRIPTION="line type InterlinearLine"/><OtherTag ID="LT12" LABEL="MusicLine" DESCRIPTION="line type MusicLine"/><OtherTag ID="LT958" LABEL="default" DESCRIPTION="line type default"/>
  </Tags>
  <Layout>
    <Page WIDTH="4267"
          HEIGHT="6154"
          PHYSICAL_IMG_NR="78"
          ID="eSc_dummypage_">
      <PrintSpace HPOS="0"
                  VPOS="0"
                  WIDTH="4267"
                  HEIGHT="6154">
        <TextBlock HPOS="2333"
                   VPOS="565"
                   WIDTH="260"
                   HEIGHT="223"
                   ID="eSc_textblock_ba8c3fbd"
                   TAGREFS="BT15">
          <Shape><Polygon POINTS="2333 565 2333 788 2593 788 2593 565"/></Shape>
          <TextLine ID="eSc_line_1cec28b8"
                    TAGREFS="LT8"
                    BASELINE="2382 749 2547 745" 
                    HPOS="2369"
                    VPOS="553"
                    WIDTH="174"
                    HEIGHT="262">
            <Shape><Polygon POINTS="2379 748 2379 800 2538 815 2543 743 2533 564 2369 553 2379 748"/></Shape>
            <String CONTENT="75"
                    HPOS="2369"
                    VPOS="553"
                    WIDTH="174"
                    HEIGHT="262"
                    WC="0.999963641166687"></String>
          </TextLine>
        </TextBlock>
        <TextBlock HPOS="833"
                   VPOS="613"
                   WIDTH="940"
                   HEIGHT="175"
                   ID="eSc_textblock_07f47d1d"
                   TAGREFS="BT18">
          <Shape><Polygon POINTS="833 613 833 788 1773 788 1773 613"/></Shape>
          <TextLine ID="eSc_line_ee8f4ee7"
                    TAGREFS="LT10"
                    BASELINE="885 752 1719 728" 
                    HPOS="878"
                    VPOS="601"
                    WIDTH="841"
                    HEIGHT="212">
            <Shape><Polygon POINTS="1630 601 1596 601 1562 601 1528 601 1494 601 1477 601 1449 629 1353 629 1275 605 1254 608 1220 608 1186 608 1152 608 1118 608 1083 608 1049 611 1032 611 1022 622 981 611 947 611 878 639 885 752 885 810 1288 813 1292 813 1295 813 1418 782 1617 800 1620 800 1624 800 1719 769 1719 728 1709 618 1671 618 1651 601 1630 601"/></Shape>
            <String CONTENT="Chapitre uii."
                    HPOS="878"
                    VPOS="601"
                    WIDTH="841"
                    HEIGHT="212"
                    WC="0.9920072326293359"></String>
          </TextLine>
        </TextBlock>
        <TextBlock HPOS="326"
                   VPOS="776"
                   WIDTH="2140"
                   HEIGHT="3839"
                   ID="eSc_textblock_51508e3d"
                   TAGREFS="BT12">
          <Shape><Polygon POINTS="326 812 369 4615 2466 4579 2424 776"/></Shape>
          <TextLine ID="eSc_line_27699d90"
                    TAGREFS="LT8"
                    BASELINE="410 943 2400 892" 
                    HPOS="406"
                    VPOS="752"
                    WIDTH="2018"
                    HEIGHT="246">
            <Shape><Polygon POINTS="618 817 598 803 574 806 564 806 536 823 495 813 471 813 437 817 406 841 410 943 410 977 523 998 526 998 529 998 598 974 670 994 673 994 676 994 813 967 902 988 906 988 909 988 1500 950 1576 970 1579 970 1583 970 1829 950 1880 964 1883 964 1887 964 1890 964 1938 943 2277 953 2280 953 2420 926 2424 892 2417 769 2372 752 2369 752 2365 752 2075 779 1918 762 1914 762 1911 762 1907 762 1870 789 1719 793 1634 769 1630 769 1627 769 1500 776 1497 776 1494 776 1494 779 1470 800 1374 786 1371 786 1196 806 960 786 957 786 953 786 950 786 950 789 919 813 762 793 759 793"/></Shape>
            <String CONTENT="en luy/ ne serõt point cõfuz. Et de re¬"
                    HPOS="406"
                    VPOS="752"
                    WIDTH="2018"
                    HEIGHT="246"
                    WC="0.9874201475120172"></String>
          </TextLine>
          <TextLine ID="eSc_line_20feaa50"
                    TAGREFS="LT8"
                    BASELINE="423 1087 1836 1053 2393 1056" 
                    HPOS="415"
                    VPOS="907"
                    WIDTH="1974"
                    HEIGHT="236">
            <Shape><Polygon POINTS="420 1082 420 1143 2389 1102 2389 1051 2384 933 2046 907 2041 907 1528 948 1251 923 1246 923 1241 923 1235 923 1235 928 1194 958 476 948 471 948 466 948 415 969 420 1082"/></Shape>
            <String CONTENT="chef sainct Paul. Si tu confesse de ta"
                    HPOS="415"
                    VPOS="907"
                    WIDTH="1974"
                    HEIGHT="236"
                    WC="0.9946174135333613"></String>
          </TextLine>
          <TextLine ID="eSc_line_f65cf5d7"
                    TAGREFS="LT8"
                    BASELINE="410 1230 2393 1182" 
                    HPOS="406"
                    VPOS="1076"
                    WIDTH="1987"
                    HEIGHT="216">
            <Shape><Polygon POINTS="410 1230 413 1292 495 1271 1087 1275 1090 1275 1094 1275 1097 1275 1097 1271 1114 1258 1278 1268 1282 1268 1405 1247 1514 1264 1518 1264 1521 1264 1579 1244 1935 1254 1938 1254 2112 1230 2389 1244 2393 1182 2383 1080 2006 1094 1989 1080 1989 1076 1986 1076 1983 1076 1979 1076 1976 1076 1972 1076 1952 1094 1832 1076 1829 1076 1825 1076 1777 1100 1682 1080 1678 1080 1675 1080 1617 1104 1562 1083 1559 1083 1555 1083 1552 1083 1548 1083 1548 1087 1528 1107 1473 1087 1470 1087 1466 1087 1463 1087 1388 1111 1278 1090 1275 1090 1271 1090 1210 1114 1155 1094 1152 1094 1148 1094 1145 1094 1090 1114 1012 1097 1008 1097 912 1117 700 1104 697 1104 694 1104 690 1104 656 1131 512 1131 458 1111 454 1111 451 1111 447 1111 406 1128 410 1230"/></Shape>
            <String CONTENT="bouche le Seigneur dieu, et q̃ tu croys"
                    HPOS="406"
                    VPOS="1076"
                    WIDTH="1987"
                    HEIGHT="216"
                    WC="0.9793214263060154"></String>
          </TextLine>
          <TextLine ID="eSc_line_7effce16"
                    TAGREFS="LT8"
                    BASELINE="423 1367 2410 1333" 
                    HPOS="420"
                    VPOS="1223"
                    WIDTH="1990"
                    HEIGHT="202">
            <Shape><Polygon POINTS="423 1367 423 1405 615 1425 618 1425 622 1425 625 1425 656 1405 786 1422 789 1422 793 1422 796 1422 823 1401 1015 1418 1018 1418 1295 1394 1357 1412 1360 1412 1364 1412 1367 1412 1405 1394 1511 1408 1514 1408 1518 1408 1521 1408 1545 1391 1569 1408 1572 1408 1576 1408 1579 1408 1583 1408 1586 1408 1617 1388 1678 1405 1682 1405 1685 1405 1689 1405 1692 1405 1712 1388 2099 1398 2102 1398 2106 1398 2109 1398 2140 1381 2410 1381 2410 1333 2403 1223 1965 1223 1962 1223 1959 1223 1955 1223 1955 1227 1935 1247 1805 1251 1689 1251 1668 1230 1668 1227 1665 1227 1661 1227 1658 1227 1542 1247 1494 1230 1490 1230 1487 1230 1213 1234 1210 1234 1148 1261 615 1268 447 1251 444 1251 441 1251 437 1251 420 1261 423 1367"/></Shape>
            <String CONTENT="dun coeur parfaict q̃ dieu a resuscite"
                    HPOS="420"
                    VPOS="1223"
                    WIDTH="1990"
                    HEIGHT="202"
                    WC="0.9873501893721128"></String>
          </TextLine>
          <TextLine ID="eSc_line_4ff82b66"
                    TAGREFS="LT8"
                    BASELINE="417 1521 2417 1480" 
                    HPOS="413"
                    VPOS="1357"
                    WIDTH="2004"
                    HEIGHT="215">
            <Shape><Polygon POINTS="417 1521 417 1569 704 1572 707 1572 711 1572 752 1552 854 1569 858 1569 861 1569 919 1548 1029 1565 1032 1565 1035 1565 1083 1545 1176 1562 1179 1562 1278 1541 1412 1559 1415 1559 1418 1559 1477 1538 1743 1552 1747 1552 1750 1552 1801 1531 1911 1548 1914 1548 2085 1524 2369 1538 2372 1538 2376 1538 2417 1517 2417 1480 2410 1381 2287 1357 2283 1357 2280 1357 2188 1384 2109 1367 2106 1367 2102 1367 2099 1367 2071 1388 1914 1364 1911 1364 1907 1364 1904 1364 1866 1391 1774 1367 1771 1367 1767 1367 1764 1367 1760 1367 1712 1398 1511 1398 1446 1374 1442 1374 1439 1374 1436 1374 1432 1374 1408 1391 1326 1377 1323 1377 1319 1377 1275 1401 1227 1384 1224 1384 1220 1384 1217 1384 1213 1384 1213 1388 1193 1405 1148 1388 1145 1388 1141 1388 960 1408 916 1384 912 1384 909 1384 906 1384 902 1384 871 1405 851 1388 847 1388 844 1388 748 1388 745 1388 741 1388 683 1418 615 1418 588 1394 588 1391 584 1391 581 1391 577 1391 413 1408 417 1521"/></Shape>
            <String CONTENT="Christ ð la mort, tu seras sauue. Et la"
                    HPOS="413"
                    VPOS="1357"
                    WIDTH="2004"
                    HEIGHT="215"
                    WC="0.9856210152308146"></String>
          </TextLine>
          <TextLine ID="eSc_line_a941c7f5"
                    TAGREFS="LT8"
                    BASELINE="417 1668 2424 1627" 
                    HPOS="413"
                    VPOS="1504"
                    WIDTH="2011"
                    HEIGHT="215">
            <Shape><Polygon POINTS="417 1668 417 1719 649 1702 700 1719 704 1719 707 1719 711 1719 772 1695 837 1716 841 1716 844 1716 998 1695 1056 1712 1059 1712 1063 1712 1066 1712 1070 1712 1070 1709 1073 1709 1090 1688 1312 1706 1316 1706 1422 1682 1511 1682 1538 1702 1542 1702 1545 1702 1548 1702 1552 1702 1634 1678 1709 1699 1712 1699 1716 1699 1883 1678 2024 1692 2027 1692 2160 1668 2246 1688 2249 1688 2253 1688 2256 1688 2304 1664 2355 1685 2359 1685 2362 1685 2365 1685 2424 1658 2424 1627 2420 1524 2400 1511 2396 1511 2393 1511 2389 1511 2212 1528 2174 1504 2171 1504 2167 1504 2164 1504 2160 1504 2068 1531 1989 1507 1986 1507 1983 1507 1979 1507 1918 1535 1767 1514 1764 1514 1760 1514 1706 1541 1576 1541 1552 1521 1552 1517 1548 1517 1545 1517 1470 1517 1466 1517 1463 1517 1398 1541 1254 1521 1251 1521 1247 1521 1186 1548 1090 1524 1087 1524 1083 1524 1080 1524 1025 1545 919 1528 916 1528 810 1552 721 1535 718 1535 714 1535 711 1535 676 1559 430 1541 427 1541 423 1541 420 1541 420 1545 417 1545 413 1545 417 1668"/></Shape>
            <String CONTENT="parolle q̃ Iesꝰ Christ prescha p̃miere¬"
                    HPOS="413"
                    VPOS="1504"
                    WIDTH="2011"
                    HEIGHT="215"
                    WC="0.9814308010614835"></String>
          </TextLine>
          <TextLine ID="eSc_line_d542b01e"
                    TAGREFS="LT8"
                    BASELINE="410 1808 2389 1777" 
                    HPOS="406"
                    VPOS="1658"
                    WIDTH="1983"
                    HEIGHT="205">
            <Shape><Polygon POINTS="410 1808 410 1846 721 1863 724 1863 1316 1835 1439 1853 1442 1853 1446 1853 1511 1832 1702 1849 1706 1849 1986 1825 2386 1835 2389 1777 2383 1678 2266 1658 2263 1658 2260 1658 2256 1658 2222 1678 2160 1658 2157 1658 2154 1658 2150 1658 2099 1682 1808 1664 1805 1664 1801 1664 1798 1664 1764 1685 1459 1671 1456 1671 1453 1671 1449 1671 1418 1692 1388 1671 1384 1671 1381 1671 1377 1671 1374 1671 1306 1688 1285 1671 1282 1671 1278 1671 1275 1671 1152 1692 721 1682 718 1682 714 1682 666 1706 406 1706 410 1808"/></Shape>
            <String CONTENT="ment fut/ cõe recite sainct Marc. Ayez"
                    HPOS="406"
                    VPOS="1658"
                    WIDTH="1983"
                    HEIGHT="205"
                    WC="0.9886994881507678"></String>
          </TextLine>
          <TextLine ID="eSc_line_1393b26b"
                    TAGREFS="LT8"
                    BASELINE="400 1952 1979 1931 2393 1939" 
                    HPOS="389"
                    VPOS="1815"
                    WIDTH="2000"
                    HEIGHT="179">
            <Shape><Polygon POINTS="394 1948 394 1994 2384 1969 2389 1938 2379 1815 389 1835 394 1948"/></Shape>
            <String CONTENT="repentance ⁊ croyez a Leuangile/ et le"
                    HPOS="389"
                    VPOS="1815"
                    WIDTH="2000"
                    HEIGHT="179"
                    WC="0.9796285190080342"></String>
          </TextLine>
          <TextLine ID="eSc_line_4c64786e"
                    TAGREFS="LT8"
                    BASELINE="396 2099 2403 2071" 
                    HPOS="393"
                    VPOS="1948"
                    WIDTH="2010"
                    HEIGHT="209">
            <Shape><Polygon POINTS="396 2099 396 2136 444 2157 447 2157 451 2157 646 2136 875 2153 878 2153 882 2153 967 2133 1141 2150 1145 2150 1148 2150 1152 2150 1152 2147 1155 2147 1169 2129 1271 2147 1275 2147 1377 2129 1466 2143 1470 2143 1473 2143 1477 2143 1497 2126 1518 2143 1521 2143 1524 2143 1528 2143 1610 2126 1678 2140 1682 2140 1685 2140 1723 2123 1873 2140 1877 2140 2154 2116 2365 2133 2369 2133 2372 2133 2376 2133 2403 2112 2403 2071 2396 1955 2147 1948 2143 1948 2024 1976 1952 1952 1948 1952 1945 1952 1771 1979 1740 1959 1736 1959 1733 1959 1730 1959 1726 1959 1641 1979 1600 1959 1596 1959 1593 1959 1589 1959 1586 1959 1586 1962 1559 1986 1456 1986 1398 1959 1394 1959 1391 1959 1388 1959 1326 1986 1114 1969 1111 1969 1015 1989 909 1969 906 1969 902 1969 899 1969 899 1972 895 1972 878 1993 803 1976 800 1976 584 1996 393 1979 396 2099"/></Shape>
            <String CONTENT="royaume de dieu est ꝓchain. Il est dict"
                    HPOS="393"
                    VPOS="1948"
                    WIDTH="2010"
                    HEIGHT="209"
                    WC="0.9957045561228043"></String>
          </TextLine>
          <TextLine ID="eSc_line_2dba35c0"
                    TAGREFS="LT8"
                    BASELINE="400 2242 2403 2218" 
                    HPOS="396"
                    VPOS="2099"
                    WIDTH="2007"
                    HEIGHT="208">
            <Shape><Polygon POINTS="400 2242 400 2287 444 2304 447 2304 451 2304 454 2304 526 2287 577 2307 581 2307 584 2307 694 2283 827 2304 830 2304 974 2280 1538 2297 1542 2297 1545 2297 1548 2297 1579 2273 1719 2273 1740 2290 1740 2294 1743 2294 1747 2294 1750 2297 1829 2297 1829 2294 1832 2294 1887 2276 2044 2290 2048 2290 2051 2290 2119 2266 2140 2287 2143 2287 2147 2287 2150 2290 2294 2290 2294 2287 2403 2263 2403 2218 2389 2099 2345 2123 2143 2099 2140 2099 1822 2129 1603 2106 1600 2106 1596 2106 1593 2106 1572 2123 1487 2109 1483 2109 1480 2109 1436 2133 1316 2109 1312 2109 1309 2109 1251 2136 1200 2112 1196 2112 1193 2112 1189 2112 1131 2140 1066 2140 1039 2116 1039 2112 1035 2112 1032 2112 971 2112 967 2112 964 2112 960 2112 960 2116 933 2143 687 2143 639 2119 635 2119 632 2119 396 2133 400 2242"/></Shape>
            <String CONTENT="dessus quelle chose est Leuangile. De"
                    HPOS="396"
                    VPOS="2099"
                    WIDTH="2007"
                    HEIGHT="208"
                    WC="0.9883916474677421"></String>
          </TextLine>
          <TextLine ID="eSc_line_cddc4393"
                    TAGREFS="LT8"
                    BASELINE="410 2389 2413 2365" 
                    HPOS="406"
                    VPOS="2246"
                    WIDTH="2007"
                    HEIGHT="191">
            <Shape><Polygon POINTS="410 2389 410 2423 977 2437 981 2437 984 2437 988 2437 1012 2420 1836 2427 1839 2427 1924 2410 2376 2420 2379 2420 2383 2420 2386 2420 2413 2403 2413 2365 2410 2270 2352 2249 2348 2249 2345 2249 2157 2266 2133 2246 2130 2246 2126 2246 2123 2246 1832 2276 1712 2276 1685 2253 1682 2253 1678 2253 1675 2253 1542 2276 981 2259 977 2259 974 2259 971 2259 940 2280 711 2263 707 2263 704 2263 635 2287 550 2266 547 2266 543 2266 406 2290 410 2389"/></Shape>
            <String CONTENT="ceste foy escript pareillement sainct"
                    HPOS="406"
                    VPOS="2246"
                    WIDTH="2007"
                    HEIGHT="191"
                    WC="0.9997107596010775"></String>
          </TextLine>
          <TextLine ID="eSc_line_31e1c0cc"
                    TAGREFS="LT8"
                    BASELINE="434 2540 608 2523 2410 2509" 
                    HPOS="430"
                    VPOS="2393"
                    WIDTH="1980"
                    HEIGHT="184">
            <Shape><Polygon POINTS="434 2540 434 2571 581 2560 646 2577 649 2577 653 2577 656 2577 659 2577 683 2560 806 2577 810 2577 813 2577 817 2577 837 2557 875 2574 878 2574 882 2574 964 2557 998 2574 1001 2574 1005 2574 1008 2574 1070 2557 1107 2574 1111 2574 1114 2574 1312 2553 1572 2571 1576 2571 1740 2550 1791 2567 1795 2567 1798 2567 1801 2567 1805 2567 1829 2550 2403 2564 2410 2509 2403 2417 2225 2393 2222 2393 2218 2393 2164 2413 2106 2393 2102 2393 2099 2393 1955 2417 1894 2396 1890 2396 1887 2396 1767 2417 1747 2400 1747 2396 1743 2396 1740 2396 1647 2396 1644 2396 1641 2396 1637 2396 1637 2400 1634 2400 1617 2420 1538 2400 1535 2400 1531 2400 1422 2417 1401 2400 1398 2400 1394 2400 1244 2400 1241 2400 1237 2400 1148 2427 1056 2427 1025 2403 1022 2403 1018 2403 1015 2403 830 2427 690 2406 687 2406 430 2413 434 2540"/></Shape>
            <String CONTENT="Iehã, ⁊ ce sont les parolles de Iesus"
                    HPOS="430"
                    VPOS="2393"
                    WIDTH="1980"
                    HEIGHT="184"
                    WC="0.9826621303432866"></String>
          </TextLine>
          <TextLine ID="eSc_line_b93f9b77"
                    TAGREFS="LT8"
                    BASELINE="420 2666 2410 2656" 
                    HPOS="420"
                    VPOS="2536"
                    WIDTH="1990"
                    HEIGHT="185">
            <Shape><Polygon POINTS="420 2721 1070 2721 1070 2718 1073 2718 1077 2718 1077 2714 1080 2714 1090 2700 1377 2714 1381 2714 1384 2714 1388 2714 1388 2711 1405 2697 1712 2711 1716 2711 1719 2711 1723 2711 1747 2694 1859 2711 1863 2711 1866 2711 1907 2694 1965 2711 1969 2711 1972 2711 2085 2694 2403 2707 2410 2656 2403 2564 2297 2564 2273 2540 2273 2536 2270 2536 2266 2536 2263 2536 2260 2536 2171 2560 1996 2536 1993 2536 1989 2536 1890 2560 1596 2540 1593 2540 1589 2540 1586 2540 1586 2543 1559 2567 1292 2567 1213 2540 1210 2540 1206 2540 1100 2564 902 2543 899 2543 895 2543 847 2571 789 2571 759 2543 755 2543 752 2543 748 2543 642 2567 581 2543 577 2543 574 2543 444 2560 423 2547 420 2666 420 2721"/></Shape>
            <String CONTENT="Christ a Nicodemus. Cõme Moyse a"
                    HPOS="420"
                    VPOS="2536"
                    WIDTH="1990"
                    HEIGHT="185"
                    WC="0.9985815991054882"></String>
          </TextLine>
          <TextLine ID="eSc_line_7cb408b1"
                    TAGREFS="LT8"
                    BASELINE="423 2810 2409 2784" 
                    HPOS="415"
                    VPOS="2676"
                    WIDTH="1990"
                    HEIGHT="200">
            <Shape><Polygon POINTS="420 2805 420 2851 707 2876 712 2876 2405 2846 2405 2779 2389 2676 415 2687 420 2805"/></Shape>
            <String CONTENT="esleue le serpent au desert/ ainsi fault"
                    HPOS="415"
                    VPOS="2676"
                    WIDTH="1990"
                    HEIGHT="200"
                    WC="0.9968891754746437"></String>
          </TextLine>
          <TextLine ID="eSc_line_850d8aad"
                    TAGREFS="LT8"
                    BASELINE="413 2953 2400 2943" 
                    HPOS="410"
                    VPOS="2817"
                    WIDTH="1990"
                    HEIGHT="198">
            <Shape><Polygon POINTS="413 2953 413 2988 485 3012 488 3012 492 3012 495 3012 499 3012 516 2998 529 3012 533 3012 536 3012 540 3015 786 3015 786 3012 789 3012 793 3012 823 2991 1042 3012 1046 3012 1049 3012 1118 2988 1182 3008 1186 3008 1189 3008 1323 2988 1347 3008 1350 3008 1353 3008 1357 3012 1569 3012 1569 3008 1572 3008 1576 3008 1600 2988 1637 3005 1641 3005 1644 3005 1743 2984 1777 3005 1781 3005 1784 3005 1788 3005 1791 3005 1853 2984 2000 2984 2017 2998 2017 3001 2020 3001 2024 3001 2027 3001 2030 3001 2102 2984 2133 3005 2136 3005 2140 3005 2143 3005 2314 2984 2396 3001 2400 2943 2396 2847 2314 2817 2311 2817 2229 2817 2225 2817 2222 2817 2167 2847 1962 2847 1928 2817 1924 2817 1921 2817 1774 2817 1771 2817 1767 2817 1764 2817 1726 2847 1647 2820 1644 2820 1641 2820 1637 2820 1583 2844 1559 2824 1559 2820 1555 2820 1552 2820 1371 2820 1367 2820 1200 2847 1073 2820 1070 2820 1066 2820 1008 2851 916 2830 912 2830 909 2830 844 2851 813 2827 810 2827 806 2827 803 2827 659 2851 495 2834 492 2834 488 2834 410 2854 413 2953"/></Shape>
            <String CONTENT="il que soit esleue le filz de lhõme: affin"
                    HPOS="410"
                    VPOS="2817"
                    WIDTH="1990"
                    HEIGHT="198"
                    WC="0.9970260220904683"></String>
          </TextLine>
          <TextLine ID="eSc_line_d16edfb0"
                    TAGREFS="LT8"
                    BASELINE="420 3097 2413 3080" 
                    HPOS="417"
                    VPOS="2967"
                    WIDTH="1996"
                    HEIGHT="188">
            <Shape><Polygon POINTS="420 3097 420 3155 926 3135 953 3155 957 3155 960 3155 964 3155 967 3155 971 3155 994 3138 1131 3155 1135 3155 1244 3131 1340 3152 1343 3152 1535 3131 1576 3152 1579 3152 1583 3152 1586 3152 1589 3152 1620 3128 1685 3128 1706 3145 1706 3148 1709 3148 1712 3148 1716 3148 1836 3131 1880 3148 1883 3148 1887 3148 1890 3148 1945 3128 2003 3148 2006 3148 2010 3148 2013 3148 2089 3124 2270 3145 2273 3145 2277 3145 2280 3145 2280 3141 2301 3124 2410 3124 2413 3080 2407 2988 2263 2967 2260 2967 2256 2967 2212 2991 2013 2991 1931 2971 1928 2971 1771 2991 1743 2971 1740 2971 1736 2971 1613 2971 1610 2971 1606 2971 1559 2994 1418 2994 1401 2977 1401 2974 1398 2974 1394 2974 1391 2974 1206 2998 868 2977 865 2977 861 2977 858 2977 858 2981 841 2998 800 2981 796 2981 793 2981 789 2981 786 2981 765 3001 714 2984 711 2984 707 2984 536 3001 468 2981 464 2981 461 2981 458 2981 417 3001 420 3097"/></Shape>
            <String CONTENT="que quicõques croit en luy, ne perisse/"
                    HPOS="417"
                    VPOS="2967"
                    WIDTH="1996"
                    HEIGHT="188"
                    WC="0.9973923623561859"></String>
          </TextLine>
          <TextLine ID="eSc_line_8d86b266"
                    TAGREFS="LT8"
                    BASELINE="423 3244 2430 3227" 
                    HPOS="420"
                    VPOS="3111"
                    WIDTH="2010"
                    HEIGHT="184">
            <Shape><Polygon POINTS="423 3244 423 3295 2427 3278 2430 3227 2427 3138 2352 3111 2348 3111 2345 3111 2342 3111 2253 3138 2024 3138 1832 3118 1829 3118 1730 3138 1637 3114 1634 3114 1630 3114 1627 3114 1624 3114 1593 3141 1545 3118 1542 3118 1439 3118 1436 3118 1432 3118 1429 3118 1398 3141 1182 3121 1179 3121 1176 3121 1097 3141 1018 3121 1015 3121 1012 3121 1008 3121 1005 3121 1005 3124 984 3141 960 3124 960 3121 957 3121 953 3121 834 3121 830 3121 420 3152 423 3244"/></Shape>
            <String CONTENT="mais ait uie eternelle. Car dieu a telle"
                    HPOS="420"
                    VPOS="3111"
                    WIDTH="2010"
                    HEIGHT="184"
                    WC="0.9703114300966262"></String>
          </TextLine>
          <TextLine ID="eSc_line_7b87fc7b"
                    TAGREFS="LT8"
                    BASELINE="423 3388 2410 3381" 
                    HPOS="420"
                    VPOS="3261"
                    WIDTH="1990"
                    HEIGHT="185">
            <Shape><Polygon POINTS="423 3388 423 3422 810 3442 813 3442 817 3442 861 3425 1056 3442 1059 3446 1412 3446 1412 3442 1415 3442 1418 3442 1418 3439 1422 3439 1436 3422 1562 3422 1579 3435 1579 3439 1583 3439 1586 3439 1589 3439 1712 3422 1801 3439 1805 3439 1894 3422 2068 3439 2071 3439 2410 3422 2410 3381 2400 3271 2311 3282 2225 3261 2222 3261 2218 3261 2215 3261 2212 3261 2212 3265 2184 3288 2106 3288 2075 3261 2071 3261 2068 3261 1996 3261 1993 3261 1989 3261 1986 3261 1986 3265 1962 3285 1921 3265 1918 3265 1914 3265 1815 3285 1791 3265 1791 3261 1788 3261 1784 3261 1723 3261 1719 3261 1716 3261 1712 3261 1685 3282 1651 3265 1647 3265 1644 3265 1548 3285 1412 3261 1408 3261 1405 3261 1401 3261 1374 3285 1261 3292 1172 3292 1145 3268 1145 3265 1141 3265 1138 3265 1135 3265 940 3288 892 3268 888 3268 885 3268 882 3268 841 3288 817 3268 817 3265 813 3265 810 3265 806 3265 663 3288 420 3275 423 3388"/></Shape>
            <String CONTENT="ment ayme le monde/ quil a dõne son"
                    HPOS="420"
                    VPOS="3261"
                    WIDTH="1990"
                    HEIGHT="185"
                    WC="0.9999923507372538"></String>
          </TextLine>
          <TextLine ID="eSc_line_68e75823"
                    TAGREFS="LT8"
                    BASELINE="447 3528 2403 3535" 
                    HPOS="444"
                    VPOS="3412"
                    WIDTH="1959"
                    HEIGHT="184">
            <Shape><Polygon POINTS="447 3528 444 3582 451 3589 454 3589 454 3593 458 3593 461 3593 464 3593 468 3593 471 3593 492 3576 540 3593 543 3593 547 3593 632 3576 666 3593 670 3593 673 3596 991 3596 991 3593 994 3593 998 3593 998 3589 1018 3572 1186 3593 1189 3593 1193 3593 1268 3572 1494 3596 1497 3596 1500 3596 1589 3576 1723 3576 1743 3593 1743 3596 1747 3596 1750 3596 1753 3596 1757 3596 1760 3596 1788 3576 1887 3596 1890 3596 1894 3596 1897 3596 1897 3593 1918 3576 2089 3576 2136 3596 2140 3596 2143 3596 2324 3576 2393 3596 2403 3535 2400 3435 2171 3415 2167 3415 2164 3415 2102 3435 2051 3415 2048 3415 2044 3415 2041 3415 1993 3439 1603 3439 1490 3415 1487 3415 1330 3432 1278 3412 1275 3412 1271 3412 1268 3412 1196 3435 1080 3435 1059 3415 1059 3412 1056 3412 1053 3412 964 3412 960 3412 957 3412 953 3412 929 3432 800 3412 796 3412 529 3432 495 3412 492 3412 488 3412 485 3412 482 3412 447 3429 447 3528"/></Shape>
            <String CONTENT="seul filz: affin que quiconques croit en"
                    HPOS="444"
                    VPOS="3412"
                    WIDTH="1959"
                    HEIGHT="184"
                    WC="0.9983733043074607"></String>
          </TextLine>
          <TextLine ID="eSc_line_89eccb2e"
                    TAGREFS="LT8"
                    BASELINE="437 3668 2413 3678" 
                    HPOS="434"
                    VPOS="3555"
                    WIDTH="1979"
                    HEIGHT="181">
            <Shape><Polygon POINTS="437 3668 434 3709 529 3709 550 3726 550 3730 553 3730 557 3730 560 3730 683 3709 714 3730 718 3730 721 3730 1124 3733 1128 3733 1131 3733 1135 3733 1159 3716 1306 3733 1309 3733 1312 3733 1384 3712 1538 3712 1576 3733 1579 3733 1583 3733 1586 3733 1589 3733 1658 3712 1890 3712 1914 3736 1918 3736 1921 3736 1924 3736 2034 3716 2102 3733 2106 3733 2109 3733 2112 3733 2157 3716 2407 3726 2413 3678 2413 3582 2034 3562 2030 3562 1866 3582 1747 3559 1743 3559 1644 3576 1559 3559 1555 3559 1552 3559 1507 3582 1100 3582 1077 3559 1077 3555 1073 3555 1070 3555 1066 3555 1063 3555 981 3579 543 3579 523 3559 523 3555 519 3555 516 3555 512 3555 437 3569 437 3668"/></Shape>
            <String CONTENT="luy ne perisse, mais ait uie eternelle."
                    HPOS="434"
                    VPOS="3555"
                    WIDTH="1979"
                    HEIGHT="181"
                    WC="0.996787645877936"></String>
          </TextLine>
          <TextLine ID="eSc_line_d0ba9daf"
                    TAGREFS="LT8"
                    BASELINE="434 3822 2386 3812" 
                    HPOS="430"
                    VPOS="3695"
                    WIDTH="1956"
                    HEIGHT="178">
            <Shape><Polygon POINTS="434 3822 434 3873 2383 3863 2386 3812 2376 3712 2218 3723 2188 3699 2184 3699 2181 3699 2177 3699 2061 3723 1890 3695 1887 3695 1883 3695 1880 3695 1880 3699 1849 3726 1726 3726 1685 3702 1682 3702 1678 3702 1675 3702 1593 3716 1500 3699 1497 3699 1494 3699 1439 3726 1316 3706 1312 3706 1309 3706 1306 3706 1268 3730 1077 3730 936 3706 933 3706 929 3706 926 3706 892 3730 851 3709 847 3709 844 3709 841 3709 793 3730 728 3702 724 3702 721 3702 430 3706 434 3822"/></Shape>
            <String CONTENT="Et un petit apres. Qui croit en luy/"
                    HPOS="430"
                    VPOS="3695"
                    WIDTH="1956"
                    HEIGHT="178"
                    WC="0.984974722067515"></String>
          </TextLine>
          <TextLine ID="eSc_line_82c3fa07"
                    TAGREFS="LT8"
                    BASELINE="417 3962 2389 3972" 
                    HPOS="413"
                    VPOS="3846"
                    WIDTH="1976"
                    HEIGHT="181">
            <Shape><Polygon POINTS="417 3962 413 3996 482 4020 485 4020 488 4024 789 4024 789 4020 888 4000 1073 4024 1077 4024 1429 4003 1456 4024 1459 4024 1463 4024 1466 4024 1470 4024 1473 4024 1490 4010 1511 4024 1514 4024 1518 4024 1521 4024 1945 4006 1972 4027 1976 4027 1979 4027 1983 4027 1986 4027 2034 4006 2195 4006 2215 4024 2215 4027 2218 4027 2222 4027 2225 4027 2307 4010 2352 4027 2355 4027 2359 4027 2362 4027 2365 4027 2386 4006 2389 3972 2386 3853 2130 3877 1733 3849 1730 3849 1726 3849 1723 3849 1723 3853 1699 3877 1336 3877 1312 3853 1312 3849 1309 3849 1306 3849 1247 3849 1244 3849 1241 3849 1196 3873 1135 3856 1131 3856 1128 3856 1124 3856 1077 3873 1012 3846 1008 3846 1005 3846 813 3870 694 3846 690 3846 687 3846 632 3870 502 3846 499 3846 495 3846 417 3866 417 3962"/></Shape>
            <String CONTENT="il nest point condamne. Et de rechef"
                    HPOS="413"
                    VPOS="3846"
                    WIDTH="1976"
                    HEIGHT="181"
                    WC="0.9984514779514737"></String>
          </TextLine>
          <TextLine ID="eSc_line_c0ecb05e"
                    TAGREFS="LT8"
                    BASELINE="417 4109 2417 4116" 
                    HPOS="413"
                    VPOS="3986"
                    WIDTH="2004"
                    HEIGHT="191">
            <Shape><Polygon POINTS="417 4109 413 4147 468 4174 471 4174 475 4174 584 4150 659 4174 663 4174 666 4174 919 4150 964 4174 967 4174 971 4174 1077 4153 1299 4174 1302 4174 1306 4174 1309 4174 1309 4171 1336 4150 1398 4150 1439 4177 1442 4177 1446 4177 1449 4177 1562 4157 1610 4174 1613 4174 1617 4174 1620 4174 1624 4174 1658 4153 1829 4171 1832 4171 1836 4171 1839 4171 1859 4153 2013 4153 2061 4177 2065 4177 2068 4177 2413 4153 2417 4116 2410 3989 2321 4017 2246 4017 2222 3993 2222 3989 2218 3989 2215 3989 2024 3989 2020 3989 2017 3989 2013 3989 1989 4013 1699 4013 1671 3993 1668 3993 1665 3993 1661 3993 1559 4013 1412 3986 1408 3986 1258 4010 1152 3989 1148 3989 1145 3989 1090 4010 1029 3986 1025 3986 1022 3986 1018 3986 936 4013 871 4013 841 3986 837 3986 834 3986 830 3986 827 3986 765 4010 417 4010 417 4109"/></Shape>
            <String CONTENT="au mesme escript. Qui croit au filz/ il"
                    HPOS="413"
                    VPOS="3986"
                    WIDTH="2004"
                    HEIGHT="191"
                    WC="0.9919465474593334"></String>
          </TextLine>
          <TextLine ID="eSc_line_b6327768"
                    TAGREFS="LT8"
                    BASELINE="417 4259 2420 4249" 
                    HPOS="413"
                    VPOS="4140"
                    WIDTH="2007"
                    HEIGHT="181">
            <Shape><Polygon POINTS="417 4259 417 4307 998 4321 1001 4321 1005 4321 1039 4304 1073 4321 1077 4321 1080 4321 1418 4300 1436 4314 1436 4318 1439 4318 1442 4318 1446 4321 1675 4321 1675 4318 1897 4297 2383 4314 2386 4314 2389 4314 2393 4314 2420 4294 2420 4249 2413 4167 2037 4167 1948 4140 1945 4140 1942 4140 1808 4164 1559 4143 1555 4143 1552 4143 1548 4143 1514 4167 1446 4147 1442 4147 1439 4147 1436 4147 1374 4171 1172 4171 1083 4143 1080 4143 1077 4143 1073 4143 994 4171 526 4147 523 4147 519 4147 413 4174 417 4259"/></Shape>
            <String CONTENT="a uie eternelle/ mais qͥ ne croit point/"
                    HPOS="413"
                    VPOS="4140"
                    WIDTH="2007"
                    HEIGHT="181"
                    WC="0.993521723151207"></String>
          </TextLine>
          <TextLine ID="eSc_line_4b396ffa"
                    TAGREFS="LT8"
                    BASELINE="413 4400 2413 4406" 
                    HPOS="410"
                    VPOS="4287"
                    WIDTH="2003"
                    HEIGHT="174">
            <Shape><Polygon POINTS="413 4400 410 4437 458 4458 461 4458 464 4458 468 4458 540 4441 690 4458 694 4461 923 4461 923 4458 926 4458 929 4458 929 4454 947 4441 1422 4461 1425 4461 2410 4447 2413 4406 2410 4314 2222 4314 2174 4290 2171 4290 2167 4290 2164 4290 2160 4290 2133 4311 2034 4290 2030 4290 2027 4290 1959 4311 1866 4290 1863 4290 1859 4290 1798 4311 1695 4290 1692 4290 1689 4290 1630 4314 1415 4314 1357 4287 1353 4287 1015 4287 1012 4287 1008 4287 929 4307 882 4290 878 4290 875 4290 871 4290 834 4311 697 4311 659 4287 656 4287 653 4287 649 4287 495 4307 413 4297 413 4400"/></Shape>
            <String CONTENT="ne uerra poĩt la uie: mais lire de dieu"
                    HPOS="410"
                    VPOS="4287"
                    WIDTH="2003"
                    HEIGHT="174"
                    WC="0.9891851529479027"></String>
          </TextLine>
          <TextLine ID="eSc_line_9b8ae2e2"
                    TAGREFS="LT8"
                    BASELINE="410 4543 2407 4550" 
                    HPOS="406"
                    VPOS="4427"
                    WIDTH="2001"
                    HEIGHT="222">
            <Shape><Polygon POINTS="410 4543 406 4612 461 4632 464 4632 468 4632 471 4632 475 4632 499 4615 560 4642 564 4642 567 4642 570 4642 676 4612 748 4639 752 4639 755 4639 759 4639 803 4622 823 4642 827 4642 830 4642 834 4646 936 4646 936 4642 940 4642 1029 4618 1090 4642 1094 4642 1097 4642 1384 4625 1442 4646 1446 4646 1449 4649 1654 4649 1654 4646 1658 4646 1661 4646 1661 4642 1699 4608 1777 4632 1781 4632 1784 4632 1788 4632 1791 4632 1791 4629 1815 4608 2400 4615 2407 4550 2400 4447 2157 4461 2106 4434 2102 4434 2099 4434 2095 4434 2030 4454 1955 4434 1952 4434 1948 4434 1788 4454 1760 4434 1757 4434 1753 4434 1750 4434 1630 4461 1528 4434 1524 4434 1521 4434 1518 4434 1514 4434 1514 4437 1487 4465 1412 4465 1285 4430 1282 4430 1278 4430 1275 4430 1271 4430 1271 4434 1241 4461 1186 4461 1155 4434 1155 4430 1152 4430 1148 4430 1145 4430 1035 4451 926 4430 923 4430 919 4430 916 4430 916 4434 885 4461 707 4461 410 4427 410 4543"/></Shape>
            <String CONTENT="demeure sur luy. Par toutes ces"
                    HPOS="406"
                    VPOS="4427"
                    WIDTH="2001"
                    HEIGHT="222"
                    WC="0.9996478307631708"></String>
          </TextLine>
        </TextBlock>
        <TextBlock HPOS="1833"
                   VPOS="4597"
                   WIDTH="615"
                   HEIGHT="187"
                   ID="eSc_textblock_fd539cf9"
                   TAGREFS="BT17">
          <Shape><Polygon POINTS="1833 4597 1833 4784 2448 4784 2448 4597"/></Shape>
          <TextLine ID="eSc_line_10c49fe6"
                    TAGREFS="LT8"
                    BASELINE="1877 4700 2386 4697" 
                    HPOS="1873"
                    VPOS="4581"
                    WIDTH="513"
                    HEIGHT="219">
            <Shape><Polygon POINTS="1877 4700 1880 4793 1938 4776 2215 4800 2218 4800 2222 4800 2225 4800 2283 4762 2386 4759 2386 4697 2376 4581 2157 4601 2116 4581 2112 4581 1972 4581 1969 4581 1965 4581 1873 4605 1877 4700"/></Shape>
            <String CONTENT="escriptu¬"
                    HPOS="1873"
                    VPOS="4581"
                    WIDTH="513"
                    HEIGHT="219"
                    WC="0.9853083690007528"></String>
          </TextLine>
        </TextBlock>
        <TextBlock HPOS="2376"
                   VPOS="944"
                   WIDTH="464"
                   HEIGHT="205"
                   ID="eSc_textblock_28e1ae46"
                   TAGREFS="BT13">
          <Shape><Polygon POINTS="2376 944 2376 1149 2840 1149 2840 944"/></Shape>
          <TextLine ID="eSc_line_de8f47d5"
                    TAGREFS="LT8"
                    BASELINE="2416 1057 2827 1059" 
                    HPOS="2415"
                    VPOS="933"
                    WIDTH="410"
                    HEIGHT="215">
            <Shape><Polygon POINTS="2415 1056 2415 1148 2620 1117 2820 1148 2825 1056 2825 974 2415 933 2415 1056"/></Shape>
            <String CONTENT="Rom.10."
                    HPOS="2415"
                    VPOS="933"
                    WIDTH="410"
                    HEIGHT="215"
                    WC="0.9999256559780666"></String>
          </TextLine>
        </TextBlock>
        <TextBlock HPOS="2376"
                   VPOS="1842"
                   WIDTH="494"
                   HEIGHT="175"
                   ID="eSc_textblock_8c7bc17c"
                   TAGREFS="BT13">
          <Shape><Polygon POINTS="2376 1842 2376 2017 2870 2017 2870 1842"/></Shape>
          <TextLine ID="eSc_line_027f4696"
                    TAGREFS="LT8"
                    BASELINE="2409 1940 2827 1948" 
                    HPOS="2400"
                    VPOS="1805"
                    WIDTH="425"
                    HEIGHT="215">
            <Shape><Polygon POINTS="2405 1938 2400 2020 2820 2005 2825 1943 2825 1810 2405 1805 2405 1938"/></Shape>
            <String CONTENT="Mar.i."
                    HPOS="2400"
                    VPOS="1805"
                    WIDTH="425"
                    HEIGHT="215"
                    WC="0.9992494185765585"></String>
          </TextLine>
        </TextBlock>
        <TextBlock HPOS="2394"
                   VPOS="2674"
                   WIDTH="403"
                   HEIGHT="187"
                   ID="eSc_textblock_935b0847"
                   TAGREFS="BT13">
          <Shape><Polygon POINTS="2394 2674 2394 2861 2797 2861 2797 2674"/></Shape>
          <TextLine ID="eSc_line_edbdb005"
                    TAGREFS="LT8"
                    BASELINE="2432 2784 2793 2779" 
                    HPOS="2425"
                    VPOS="2600"
                    WIDTH="364"
                    HEIGHT="256">
            <Shape><Polygon POINTS="2430 2779 2430 2856 2784 2851 2789 2774 2774 2600 2425 2646 2430 2779"/></Shape>
            <String CONTENT="Iehã.5."
                    HPOS="2425"
                    VPOS="2600"
                    WIDTH="364"
                    HEIGHT="256"
                    WC="0.9681821167469025"></String>
          </TextLine>
        </TextBlock>
      </PrintSpace>
    </Page>
  </Layout>
</alto>
