4267 6254
1591 604 295 250 190

2150 555 1373 219 Denseiguer les enfans

1799 722 2172 250 crier mercy lun a lautre/ et le mesmes

1834 899 2134 219 seras tu quand ilz auront offense ou

1824 1042 2137 226 corrouce leͬs parẽs. ⁊ soys songneux

1827 1184 2155 233 que ton enfant ne croisse a mõt en per

1834 1351 2155 233 tinacite/ en rebelliõ/ en crudelite/ estãt

1817 1494 2172 236 batteur/ bouteur/ estriueͬ/ ou noyseur.

1834 1653 2158 237 Et quand tu oyras tes enfans iurer/

1838 1803 2140 222 mauldire/ estriuer/ batailler/ mentir/

1841 1945 2151 247 ou dire ordes parolles/ chanter chan¬

1845 2098 2147 240 sons uilaines tu les reprendras dure

1841 2241 2144 257 ment. Et les parens labourerõt tous¬

1838 2404 2151 236 iours/ plus que leurs enfans les crai¬

1817 2550 2172 222 gnent par amoͬ/ ⁊ reuerence/ que par

1845 2696 2144 236 angoisse ⁊ paour. Car enfans qͥ obeis¬

1865 2852 2137 240 sent a leurs parens par crainte destre

1862 3008 2137 233 battuz/ ilz ne les craignent non plus

1855 3165 2147 226 longuement que les coupz/ ou la bat¬

1862 3311 2133 229 ture dure. Comme tous ceux qui ser¬

1862 3460 2127 222 uent a Dieu par crainte des peines/

1858 3609 2127 233 ilz ne le seruent non plus longuement

1865 3759 2103 229 que les poines ou tribulatiõs durent/

1893 3915 2064 236 ⁊ apres quilz en sont deliurez/ ilz re¬

1879 4078 2075 216 tournent de rechief a leurs uieux pe¬

1890 4214 2053 233 chez. Mais les ensans qui craignent

1883 4367 2074 222 leurs parens par dilection/ ilz obeis¬

1886 4513 2057 302 sent tousiours ⁊ demeurent tousiours

3729 4674 230 224 en
