4267 6633
1670 633 299 221 13b

2441 648 900 195 Des moines.

1899 799 2124 251 cunes autres ceremonies, ⁊ ont cõme¬

1895 947 2121 257 ce a sestimer par dessus autres uiuq̃s

1891 1116 2147 251 au mõde/ adioustant quelque saincte/

1895 1263 2150 244 te a ces choses externes: qui est contre

1888 1411 2161 261 la parolle de Dieu. Et ꝑ ce qͥlz estoint

1888 1577 2146 243 reputez gẽs de saincte uie, les citoyẽs

1884 1746 2146 229 prenoyẽt diceux leurs pasteͬs/ ⁊ eues¬

1884 1879 2139 258 ques. Et est aduenu que les princes, ⁊

1891 2041 2125 240 grans personnages ont eu faueur/ et

1881 2199 2125 238 amour aux cloistres/ ⁊ leur ont dõne

1881 2343 2120 238 beaucop de biẽs, ⁊ ont fonde des nou¬

1881 2503 2114 222 ueaux monasteres/ tellemẽt qͥlz sont

1855 2634 2146 262 ainsi multipliez au monde. Et par ce

1858 2796 2117 255 que trop de biens leur ont este dõnez,

1851 2936 2135 262 la bonne discipline/ ⁊ bonne uie est pe

1843 3099 2125 254 tit a petit aneantie/ et corrumpue par

1836 3250 2128 247 les richesses. Et ilz ont entreprins de

1829 3401 2128 261 faire sumptueux edifices: sumptueux

1829 3574 2131 225 uestemens/ ⁊ ont commence a boire/ ⁊

1821 3714 2128 236 manger delicatemẽt, ⁊ ont achete des

1803 3865 2124 243 precieux uaisseaux, calices, et autres

1799 4035 2106 232 ornemens en leurs eglises/ ⁊ ainsi ont

1796 4167 2094 255 ilz entreprins de uiure non pas com¬

1796 4329 2076 244 me solitaires, mais cõe Seigñrs. Et

1796 4484 2046 243 par ces choses icy est en eux refroidy

1784 4628 2069 295 lesprit, et lamour de Dieu/ et delais¬

3562 4845 284 196 sant

1405 2063 435 203 De la

1411 2238 454 144 corru¬

1411 2349 454 182 ptiõ des

1411 2498 454 276 moines.
