4267 6631
1481 602 226 331 B

2513 618 700 203 Du salut.

1750 784 2177 206 uouloit dire. Nully. Car nous auong

1742 954 2193 202 tout receu de Dieu auec sõ filz. Mais

1746 1119 2189 188 quelle chose auõs nous receu? Cest li¬

1742 1270 2197 199 berte de la subiectiõ du diable/ cest re¬

1742 1433 2200 176 mission de tous pechez, cest la ioye et

1742 1584 2197 199 gloire de la uie eternelle. Tout ce noꝰ

1739 1738 2196 199 a Dieu dõne ꝑ son filz/ cõe dit sainct

1746 1884 2178 226 Paul aux Hebrieux. Le sãg de Christ

1739 2059 2181 199 qui par le sainct esprit a offert soymes

1735 2214 2185 206 me sans macule a dieu/ a nettoye no¬

1742 2368 2152 199 stre conscience des oeuures mortes/

1746 2530 2167 192 pour, seruir a dieu uiuant. Et pource

1735 2681 2174 192 nauons que faire de labourer par noz

1739 2829 2181 195 bonnes oeuures pour acquerir la uie

1735 2983 2174 192 eternelle/ car nous auons tout/ nous

1746 3134 2170 207 sommes toꝰ iustifiez, noꝰ sõmes toꝰ en

1742 3293 2182 206 fans de dieu. Dieu noꝰ a dõne tout ce¬

1753 3444 2086 210 cy de soy mesme/ sans nostre merite.

1882 3599 2023 206 Aucũ pourroit dire. Ie uueil aussi

1746 3735 2178 227 faire quelque chose/ affin que ie puisse

1735 3934 2167 188 estre tãt plꝰ certain destre sauue. Toꝰ

1735 4089 2161 182 ceux qui dient cela/ ⁊ tous ceux qͥ cuy¬

1742 4229 2130 202 dent que leurs bonnes oeuures aydẽt

1742 4391 2123 202 quelque chose/ ou prouffitẽt pour ac¬

1742 4545 2104 199 querir le don de salut/ ilz blasphement

1746 4696 2089 229 cõtre dieu/ ⁊ desrobẽt Dieu de son hõ¬

3493 4884 320 218 neur/

1243 1867 475 315 Hebre.9.
