4267 6633
1530 829 317 195 no

2246 757 1362 237 Des bonnes oeuures.

1777 972 2135 196 de telz mauuais desirs, nous ne led

1766 1138 2146 199 laisserõs point dominer en noꝰ, mais

1762 1293 2162 192 les mortifierons en resistant a iceux.

1880 1437 2047 210 Ce que ferõs poͬ noz freres Chre¬

1773 1591 2139 199 stiens enseigne pareillemẽt S. Paul,

1327 1743 2593 210 T

1323 1897 2597 221 E

1759 2048 2157 207 lautre. Et quand Iesus Christ nous

1762 2211 2162 173 cõmande dexercer les oeuures de mise

1482 2362 2442 206 ricorde, desquelles il tiendra son iuge

1755 2516 2154 192 ment. Toutes autres oeuures quon

1759 2667 2146 196 faict auiourdhuy par ces eglises sont

1751 2815 2143 191 plus trouues par auarice, que cõman

1751 2955 2117 206 dees de Dieu, excepte les prieres, ses¬

1740 3102 2106 210 quelles il ne fault nullemẽt faire poͬ

1751 3264 2099 207 gaigner argent, mais seulement par

1751 3415 2084 203 charite, en priant lun pour lautre.

1803 3570 2043 188 Regarde maintenant uois tu bien

1729 3718 2132 195 quant grande occasion tu as de faire

1733 3876 2106 192 biẽ. Car tu as en tout temps occasion

1740 4024 2095 180 de mortifier tes mauuais desirs, de

1740 4164 2080 199 seruir ton ꝓchain, de le cõforter de lai

1737 4333 2072 192 der par parolles, par oeuures, par fa¬

1737 4480 2065 196 ueur, par cõseil, par exhortatiõ, ⁊ par

1725 4624 2147 203 autres moyẽs semblables. Et en telle

1725 4779 2095 243 amour uers nostre prochain pour la¬

3444 4945 347 206 mour

1328 2702 431 227 Mat.25
