4267 6200
2260 692 289 258 197

899 645 988 269 Chapitre .xxiiii.

296 857 2033 207 est faict mẽtiõ en la uie de S. Laurẽt/

303 1023 2016 186 ⁊ S. Gregoire. Et qunad il ny auoit

292 1160 2027 193 plꝰ riẽ. Leuesq̃ p̃noit les calices/ et les

292 1302 2024 199 auires uaisseaux dor ou dargẽt/ ⁊ les

299 1446 1996 193 faisoit rõpre/ ⁊ distribuoit le pris aux

296 1598 2002 196 paoures. Et les Euesques soloyent

286 1736 2006 206 admonnester les citoyẽs quilz luy feis

286 1884 2006 196 sent scauoir/ quãd aucũ auoit disette.

275 2028 2010 200 Mais ce tresor icy de leglise est main¬

268 2173 2013 203 tenant despendu en dorures dimai¬

272 2318 2013 199 ges/ en fondation de grosses preben¬

268 2466 2013 186 des/ et paremẽs des paroitz/ ⁊ autelz/

268 2597 2037 196 et ainsi sont les paoures membres de

279 2738 2026 200 Iesu Christ priuez de ce que a eux ap¬

282 2889 2041 197 partient. O monde aueugle/ et ydola

282 3038 2030 192 tre? Les paoures ne souloyent par

279 3179 2019 200 cy deuant point demandet laumosne.

282 3327 2016 207 Car ceux qui estoyent fortz estoyent

292 3475 1993 196 contrainctz de labourer/ et les anciẽs/

292 3616 2013 210 impotens/ paoures uefues/ et orphe¬

292 3754 2000 220 lins estoyent entretenuz et substantez

299 3906 1996 217 de la table des paoures quon appel¬

289 4050 2013 217 loit le tresort de leglise/ comme ensei¬

294 4190 1986 227 gne S. Paul escripuant aux Corin¬

299 4350 2013 210 thiens/ les admonnestant dassembler

313 4501 1999 217 un tresor pour les paoures. Et ce ce¬

1606 4663 717 197 N 3 stoit

2327 4241 424 207 1.Cor.16.
