4267 6631
1564 563 243 287 54

2549 604 678 213 De salut.

1812 777 2208 228 sa grande misericorde et bonte, de soy

1801 943 2208 217 mesme, a uolũtairemẽt permiz, q̃ son

1820 1094 2200 228 seul engendre filz Iesꝰ Christ ait este

1816 1252 2215 221 faict hõme mortel: affin q̃ par sa mort

1809 1414 2192 210 laq̃lle il nauoit point desseruie/ il noꝰ

1805 1569 2218 214 peust racheter ⁊ deliurer ð la mort eter

1805 1727 2185 203 nelle a laq̃lle noꝰ estiõs toꝰ subiectz/

1846 1884 2150 210 cõe escript sainct Paul/ disant: Sil est

1809 2044 2189 214 ainsi q̃ par le peche dũ hõme (assauoir

1798 2202 2185 203 dAdã) la mort a regne sur plusieurs/

1783 2357 2192 206 moult plꝰ la grace de Dieu/ et le don

1790 2512 2182 206 en la grace dũ hõme Iesu Christ abũ¬

1796 2657 2183 210 de sur plusieurs. Et aux Ephesiens

1801 2810 2185 221 Beneit/ soit Dieu/ pere de nostre Sei

1794 2976 2167 214 gneur Iesu Christ, qui nous a beneitz

1790 3134 2167 218 en benediction spirituelle par son filz

1787 3286 2185 213 Christ. Ainsi nous est uenu ceste gra¬

1787 3444 2177 203 ce de dieu entieremẽt de sa debõnaire¬

1779 3602 2174 207 te, ⁊ point par nostre merite ou bõnes

1787 3761 2148 210 oeuures. Car nous ne recongnoissiõs

1783 3923 2144 199 point nostre seruitude ⁊ subiection/ et

1772 4067 2126 213 nauions point desir destre deliurez de

1768 4210 2126 229 nostre misere. Et pourtant que alors

1768 4372 2152 221 le diable mist sa main en dieu auquel

1761 4527 2122 225 il nauoit nul droit/ par ce quil nauoit

1776 4693 2096 243 point peche/ Dieu a acquiz droit con¬

3666 4870 217 191 tre

1381 1851 437 215 Rom.5.

1326 2580 459 260 Ephe.3.
