4267 6154
2477 600 256 333 105

1148 574 790 246 Chapitre .xi.

475 786 2024 202 charite ne faict rien en uain. Pour

482 940 2010 181 ceste cause un humble coeur nullemẽt

488 1087 1990 188 soy attendant sur ses bõnes oeuures,

478 1230 2014 202 cõbien quil en face: mais mettant tou

464 1381 2028 198 te son esperance ⁊ fiance, ⁊ soy fondãt

482 1528 2010 191 sur la bonte, grace, ⁊ misericorde de

471 1675 2014 191 Dieu, croyant fermement que Dieu

447 1815 2042 202 a tout satisfaict pour nous, ⁊ que de

447 1965 2024 188 soymesme il nous a iustifie ⁊ dõne sa¬

430 2102 2048 192 lut, et faict toutesfoys liberallement

451 2249 2034 205 sans en demander quelque loyer, tout

444 2410 1997 191 le seruice, ⁊ tout le bien quil peut, soy

447 2536 2014 205 tousiours recõgnoissant estre debteur

447 2673 2018 219 a Dieu, ⁊ demandant grace. Un tel

444 2830 1805 205 coeur est seul aggreable a Dieu.

536 2974 1918 208 Aucun pourroit maintenãt dire: Ie

441 3118 2017 211 croy bien tout cecy, que ie suis enfant

444 3265 2004 215 de Dieu, ⁊ que ie doibz seruir dieu par

444 3401 2014 226 charite ⁊ gratitude, en recongnoissant

458 3555 1990 222 seulement par mon seruice le bien quil

441 3702 1996 219 ma faict. Mais que feray ie pour le

434 3842 1990 223 mieulx? Cõmẽt mõstreray ie a Dieu

434 3986 1993 226 ma gratitude ⁊ dilection? Iasoit que

427 4140 2000 222 nous auõs souuẽt touche dessus ceste

413 4283 2004 226 matiere, noꝰ declairerons toutesfoys

410 4430 2017 240 au chapitre ensuyuãt plus plainemẽt

1644 4618 783 202 G 5 ce qui
