4267 6154
2307 625 226 219 127

953 574 852 212 Chapitre .xu.

345 1815 261 273 L

362 731 2041 222 ble, toutesfoys le croyrons nous sans

369 902 2034 198 q̃l que doubte, a cause de sa trescertaine

376 1053 2020 198 promesse. Et quiconq̃s congnoit cecy

369 1182 2020 219 il peut ioyeusement mourir, et atten¬

365 1323 1385 198 dre le iugement de Dieu.

485 1473 1780 212 ¶ Cõmẽt on ne doibt point estre

492 1610 1790 205 triste poͬ la mort. Chap.xu.

620 1759 1759 230 E salut dũ Chrestiẽ ne gist point

619 1914 1743 215 en ceste uie, par ce quon uit lon¬

331 2065 2021 225 guement en ce monde, mais plustost

324 2198 2028 232 en la mort. Car nous ne pouons estre

345 2352 2000 225 sauuez/ sinon par la mort. Pourtant

304 2482 2041 232 la mort en soymesme nest point mau¬

324 2629 2028 232 uaise, mais est plus a desirer, cõme fi¬

314 2765 2030 256 rẽt S. Paul, S. Augustin, ⁊ plusieͬs

311 2929 2020 230 autres sainctz qui desiroyent tous la

314 3073 2007 236 mort. Car en ceste uie ny a point de

314 3224 1983 229 prouffit, mais tousiours peche de plꝰ

317 3364 1987 242 en plus. Et plus uit on icy ⁊ plus en¬

317 3494 1970 270 uyz, ⁊ tant plus maulprest meurt on.

328 3647 1295 216 Pourtant feras tu ainsi.

434 3801 1867 229 Tu te exerceras bien et estudiras

290 3928 1987 270 diligemment en ce present liure/ et en

273 4075 2017 266 la foy de laquelle iay beaucop parle/ ⁊

273 4239 2041 246 alors tu te abandonneras entieremẽt

266 4376 2007 283 a la grace miscricorde ⁊ bonne uolun

2143 4622 140 202 te

2369 2830 400 199 Phili.1.
