4267 6154
2343 584 221 298 181

794 594 1036 267 Chapitre .xxiii.

324 820 2007 205 ce qui est au monde appartient a luy/

328 964 2036 205 ⁊ cõment il le nous preste pour uiure/

335 1128 2013 191 ⁊ en bien user/ comment cest luy/ qui

331 1282 2021 177 nous nourrit ⁊ entretient/ ⁊ cõment il

335 1425 2013 198 nous fault attendre/ ⁊ fier en luy/ ⁊ qͥl

331 1589 2007 158 nous gardera bien de tous maux/ ⁊

328 1712 2003 199 ainsi petit a petit de la foy ⁊ fiance en

324 1863 1990 191 dieu/ ⁊ cõment dieu est leur pere/ ⁊ eux

314 2013 2021 175 ses enfans/ cõme nous auons mon¬

307 2157 2035 198 strer dessuz. Pourtant est fort a

300 2300 2045 192 plaindre la tresmauuaise coustume/ qͥ

300 2444 2042 181 est entre les Chrestiens. Cest quilz cou

307 2584 2038 188 rent en loingtain pays en pelerina¬

314 2731 2031 185 ges/ ⁊ laissent leͬs enfans/ ⁊ leͬ mais¬

307 2875 2055 184 nie a lhostel sans chief/ ⁊ sans gouuer

307 3032 2048 164 neur. Il uaudroit mille foys mieulx

317 3172 2042 192 quilz demourassent a lhostel/ ⁊ ap¬

328 3316 2027 181 prinssent leͬs enfans en la loy de dieu.

461 3463 1881 191 Car dieu ne demande point quon

348 3606 1997 188 uoise ẽ pelerinaige/ et ne les a iamais

341 3750 2014 202 cõmande/ ne prise. Car ce nest que tout

335 3894 2030 208 incredulite/ ⁊ faulte de foy qui nous

341 4054 2007 192 faict courir deca/ ⁊ dela/ ⁊ querir dieu/

335 4194 2024 199 en un certain lieu/ leq̃l est egallement

335 4355 2027 185 puissant en tous lieux. Mais dieu a

338 4499 2031 219 commande a tous denseigner/ et regir

1531 4653 817 229 M 3 leurs
