4267 6633
1604 773 288 310 ig

2489 766 870 195 Des moines.

1895 924 2110 229 sonnaiges uiuans aux desertz en at/

1899 1087 2109 217 stinence selon la uocation de Dieu/ ce

1892 1238 2142 221 que ne font noz moines: car les uns y

1914 1403 2102 203 facherie, les autres pour mieux uiure

1903 1555 2116 213 sans labeur y entrent cõtre leur uoca¬

1899 1709 2109 210 tion. Puys long temps apres que

1899 1864 2113 210 Iesus Christ fut mõte aux cieux/ est

1914 2030 2083 192 uenue une autre secte de moines/ des¬

1891 2166 2095 225 quelz escripuẽt Philo/ ⁊ Eusebe. Ces

1880 2336 2114 191 moines icy ont eu commencement des

1884 2480 2106 202 disciples de S. Marc. Auec iceux de¬

1884 2631 2095 195 mouroyẽt femmes/ ⁊ uiuoient ensem

1888 2771 2098 217 ble separez du peuple en sobriete/ cha¬

1899 2918 2069 221 stete/ et amour/ et louoient Dieu par

1884 3076 2076 211 lecture de Pseaulmes/ ieunes/ ⁊ orai¬

1895 3228 2043 217 sons. Et uiuoyẽt du tout selõ la uie/

1884 3379 2058 217 laquelle auoyẽt premierement entre¬

1877 3541 2061 202 prins les Apostres/ en laquelle toutes

1884 3692 2065 206 choses estoient communes cõe escript

1881 3841 2065 210 S. Luc es Actes des Apostres. Et plu

1865 3979 2069 227 sieurs ont ensuiuy la uie de ces moi¬

1858 4141 2066 203 nes icy. cõme S. Effrem/ S. Machai¬

1855 4293 2035 217 re/ S. Hierosme/ S. Heliodore/ ⁊ plu¬

1862 4455 2010 206 sieurs autres sainctz personnages/ qͥ

1858 4598 2029 196 alors estoient au mõde/ cõme on peut

1866 4764 2002 247 ꝑcepuoir aux liures de S. Iehã Chri

3547 4915 314 240 sosto¬

1455 3786 421 260 Actu.4.
