<?xml version="1.0" encoding="UTF-8"?>
<alto xmlns:xsi="http://www.w3.org/2001/XMLSchema-instance"
      xmlns="http://www.loc.gov/standards/alto/ns-v4#"
      xsi:schemaLocation="http://www.loc.gov/standards/alto/ns-v4# http://www.loc.gov/standards/alto/v4/alto-4-2.xsd">
  <Description>
    <MeasurementUnit>pixel</MeasurementUnit>
    <sourceImageInformation>
      <fileName>La_somme_de_lescripture_saincte_...Luther_Martin_bpt6k328613m.pdf_page_59.png</fileName>
      <fileIdentifier>pdf//La_somme_de_lescripture_saincte_...Luther_Martin_bpt6k328613m.pdf</fileIdentifier>
    </sourceImageInformation>
  </Description>
  <Tags>
    <OtherTag ID="BT7" LABEL="CustomZone" DESCRIPTION="block type CustomZone"/><OtherTag ID="BT8" LABEL="DamageZone" DESCRIPTION="block type DamageZone"/><OtherTag ID="BT9" LABEL="DigitizationArtefactZone" DESCRIPTION="block type DigitizationArtefactZone"/><OtherTag ID="BT10" LABEL="DropCapitalZone" DESCRIPTION="block type DropCapitalZone"/><OtherTag ID="BT11" LABEL="GraphicZone" DESCRIPTION="block type GraphicZone"/><OtherTag ID="BT12" LABEL="MainZone" DESCRIPTION="block type MainZone"/><OtherTag ID="BT13" LABEL="MarginTextZone" DESCRIPTION="block type MarginTextZone"/><OtherTag ID="BT14" LABEL="MusicZone" DESCRIPTION="block type MusicZone"/><OtherTag ID="BT15" LABEL="NumberingZone" DESCRIPTION="block type NumberingZone"/><OtherTag ID="BT17" LABEL="QuireMarksZone" DESCRIPTION="block type QuireMarksZone"/><OtherTag ID="BT18" LABEL="RunningTitleZone" DESCRIPTION="block type RunningTitleZone"/><OtherTag ID="BT19" LABEL="SealZone" DESCRIPTION="block type SealZone"/><OtherTag ID="BT20" LABEL="StampZone" DESCRIPTION="block type StampZone"/><OtherTag ID="BT21" LABEL="TableZone" DESCRIPTION="block type TableZone"/><OtherTag ID="BT22" LABEL="TitlePageZone" DESCRIPTION="block type TitlePageZone"/><OtherTag ID="BT3120" LABEL="text" DESCRIPTION="block type text"/>
    <OtherTag ID="LT7" LABEL="CustomLine" DESCRIPTION="line type CustomLine"/><OtherTag ID="LT8" LABEL="DefaultLine" DESCRIPTION="line type DefaultLine"/><OtherTag ID="LT9" LABEL="DropCapitalLine" DESCRIPTION="line type DropCapitalLine"/><OtherTag ID="LT10" LABEL="HeadingLine" DESCRIPTION="line type HeadingLine"/><OtherTag ID="LT11" LABEL="InterlinearLine" DESCRIPTION="line type InterlinearLine"/><OtherTag ID="LT12" LABEL="MusicLine" DESCRIPTION="line type MusicLine"/><OtherTag ID="LT958" LABEL="default" DESCRIPTION="line type default"/>
  </Tags>
  <Layout>
    <Page WIDTH="4267"
          HEIGHT="6154"
          PHYSICAL_IMG_NR="58"
          ID="eSc_dummypage_">
      <PrintSpace HPOS="0"
                  VPOS="0"
                  WIDTH="4267"
                  HEIGHT="6154">
        <TextBlock HPOS="2382"
                   VPOS="643"
                   WIDTH="235"
                   HEIGHT="187"
                   ID="eSc_textblock_eb172f3b"
                   TAGREFS="BT15">
          <Shape><Polygon POINTS="2382 643 2382 830 2617 830 2617 643"/></Shape>
          <TextLine ID="eSc_line_45137c13"
                    TAGREFS="LT8"
                    BASELINE="2430 789 2577 789" 
                    HPOS="2430"
                    VPOS="615"
                    WIDTH="147"
                    HEIGHT="229">
            <Shape><Polygon POINTS="2567 615 2533 615 2499 615 2430 622 2430 789 2430 844 2577 823 2577 789 2574 622 2567 615"/></Shape>
            <String CONTENT="55"
                    HPOS="2430"
                    VPOS="615"
                    WIDTH="147"
                    HEIGHT="229"
                    ></String>
          </TextLine>
        </TextBlock>
        <TextBlock HPOS="1074"
                   VPOS="601"
                   WIDTH="892"
                   HEIGHT="199"
                   ID="eSc_textblock_bce36584"
                   TAGREFS="BT18">
          <Shape><Polygon POINTS="1074 601 1074 800 1966 800 1966 601"/></Shape>
          <TextLine ID="eSc_line_59ee7959"
                    TAGREFS="LT10"
                    BASELINE="1128 758 1904 769" 
                    HPOS="1124"
                    VPOS="629"
                    WIDTH="780"
                    HEIGHT="188">
            <Shape><Polygon POINTS="1846 639 1812 629 1798 629 1695 649 1651 649 1627 629 1606 629 1572 629 1538 629 1504 629 1487 646 1391 646 1367 629 1333 629 1299 629 1275 639 1258 629 1230 629 1200 629 1186 639 1128 632 1128 758 1124 796 1155 817 1159 817 1162 817 1165 817 1901 813 1904 769 1904 656 1880 649"/></Shape>
            <String CONTENT="Chapitre .u."
                    HPOS="1124"
                    VPOS="629"
                    WIDTH="780"
                    HEIGHT="188"
                    ></String>
          </TextLine>
        </TextBlock>
        <TextBlock HPOS="308"
                   VPOS="818"
                   WIDTH="2146"
                   HEIGHT="3833"
                   ID="eSc_textblock_12a06cf4"
                   TAGREFS="BT12">
          <Shape><Polygon POINTS="308 818 363 4651 2424 4645 2433 3838 2392 3707 2436 3530 2448 2326 2413 2224 2450 2128 2454 830"/></Shape>
          <TextLine ID="eSc_line_0cdf17cd"
                    TAGREFS="LT8"
                    BASELINE="369 943 2407 929" 
                    HPOS="365"
                    VPOS="782"
                    WIDTH="2042"
                    HEIGHT="209">
            <Shape><Polygon POINTS="912 793 885 793 817 820 759 800 741 803 707 803 673 806 656 806 605 817 570 810 536 810 502 813 468 813 434 817 400 817 365 837 369 943 369 974 762 991 765 991 1309 970 1377 988 1381 988 1384 988 1538 967 1815 984 1818 984 1935 964 1983 981 1986 981 1989 981 2403 960 2407 929 2400 782 2338 782 2335 782 2331 782 2328 782 2328 786 2304 806 2287 793 2283 793 2280 793 2277 793 2044 810 1935 782 1931 782 1928 782 1788 813 1384 786 1381 786 1377 786 1302 820 1172 820 1124 796 1121 796 1118 796 1022 817 926 793 912 793"/></Shape>
            <String CONTENT="tre le diable par dessus nous/ ⁊ il noꝰ"
                    HPOS="365"
                    VPOS="782"
                    WIDTH="2042"
                    HEIGHT="209"
                    WC="0.993476057663942"></String>
          </TextLine>
          <TextLine ID="eSc_line_081fe5fd"
                    TAGREFS="LT8"
                    BASELINE="372 1094 2424 1076" 
                    HPOS="369"
                    VPOS="947"
                    WIDTH="2055"
                    HEIGHT="201">
            <Shape><Polygon POINTS="372 1094 372 1117 536 1145 540 1148 687 1148 687 1145 690 1145 694 1145 728 1124 1039 1141 1042 1141 1046 1141 1049 1141 1070 1121 1114 1135 1118 1135 1121 1135 1124 1135 1196 1114 1367 1114 1388 1131 1388 1135 1391 1135 1394 1135 1398 1135 1562 1121 1589 1138 1593 1138 1596 1138 1600 1138 1603 1138 1695 1111 1890 1111 1952 1135 1955 1135 1959 1135 1962 1135 2020 1107 2263 1128 2266 1128 2270 1128 2314 1107 2359 1131 2362 1131 2365 1131 2369 1131 2424 1100 2424 1076 2417 974 2133 974 2089 953 2085 953 2082 953 2078 953 2006 974 1979 950 1979 947 1976 947 1972 947 1969 947 1965 947 1883 974 1856 950 1853 950 1849 950 1846 950 1842 950 1795 977 1712 977 1675 947 1671 947 1668 947 1665 947 1661 947 1596 967 1213 950 1210 950 1206 950 1135 974 1073 953 1070 953 1066 953 1063 953 1059 953 1059 957 1032 981 861 953 858 953 854 953 772 981 584 957 581 957 369 988 372 1094"/></Shape>
            <String CONTENT="a affranchyz et deliurez/ et sommes"
                    HPOS="369"
                    VPOS="947"
                    WIDTH="2055"
                    HEIGHT="201"
                    WC="0.9974121945244926"></String>
          </TextLine>
          <TextLine ID="eSc_line_f808622d"
                    TAGREFS="LT8"
                    BASELINE="389 1241 2420 1223" 
                    HPOS="386"
                    VPOS="1104"
                    WIDTH="2034"
                    HEIGHT="188">
            <Shape><Polygon POINTS="389 1241 389 1292 516 1275 741 1292 745 1292 748 1292 796 1268 1029 1288 1032 1288 1224 1264 1391 1285 1394 1285 1398 1285 1401 1285 1436 1261 1606 1261 1962 1282 1965 1282 1969 1282 2034 1258 2061 1275 2065 1275 2068 1275 2071 1275 2236 1258 2266 1278 2270 1278 2273 1278 2277 1282 2393 1282 2393 1278 2396 1278 2400 1278 2420 1258 2420 1223 2410 1104 386 1111 389 1241"/></Shape>
            <String CONTENT="faictz ses heritiers, ⁊ toute sa gloire est"
                    HPOS="386"
                    VPOS="1104"
                    WIDTH="2034"
                    HEIGHT="188"
                    ></String>
          </TextLine>
          <TextLine ID="eSc_line_58b20013"
                    TAGREFS="LT8"
                    BASELINE="386 1381 2417 1370" 
                    HPOS="382"
                    VPOS="1247"
                    WIDTH="2035"
                    HEIGHT="168">
            <Shape><Polygon POINTS="386 1381 386 1415 2413 1408 2417 1370 2407 1251 2229 1268 2191 1251 2188 1251 2184 1251 2181 1251 2150 1268 2116 1247 2112 1247 2109 1247 1976 1247 1972 1247 1969 1247 1914 1268 1842 1251 1839 1251 1836 1251 1709 1271 1689 1254 1689 1251 1685 1251 1682 1251 1548 1251 1545 1251 1446 1271 1206 1251 1203 1251 1200 1251 1196 1251 1162 1275 936 1275 851 1254 847 1254 844 1254 639 1275 570 1254 567 1254 564 1254 382 1278 386 1381"/></Shape>
            <String CONTENT="nostre: cõme enseigne largemẽt sainct"
                    HPOS="382"
                    VPOS="1247"
                    WIDTH="2035"
                    HEIGHT="168"
                    WC="0.9941279001725025"></String>
          </TextLine>
          <TextLine ID="eSc_line_35d33170"
                    TAGREFS="LT8"
                    BASELINE="396 1524 2424 1517" 
                    HPOS="393"
                    VPOS="1391"
                    WIDTH="2031"
                    HEIGHT="181">
            <Shape><Polygon POINTS="396 1524 396 1572 2424 1559 2424 1517 2417 1412 1470 1391 1466 1391 1463 1391 1398 1412 1278 1394 1275 1394 1271 1394 1196 1415 981 1415 943 1394 940 1394 936 1394 393 1408 396 1524"/></Shape>
            <String CONTENT="Paul en toutes ses Epistres. Ce, noꝰ"
                    HPOS="393"
                    VPOS="1391"
                    WIDTH="2031"
                    HEIGHT="181"
                    WC="0.9791957206196256"></String>
          </TextLine>
          <TextLine ID="eSc_line_680ccf06"
                    TAGREFS="LT8"
                    BASELINE="382 1661 2420 1668" 
                    HPOS="379"
                    VPOS="1541"
                    WIDTH="2041"
                    HEIGHT="182">
            <Shape><Polygon POINTS="382 1661 379 1699 570 1719 574 1719 1398 1702 1562 1723 1565 1723 1976 1706 2345 1723 2348 1723 2352 1723 2417 1702 2420 1668 2413 1548 1678 1565 1644 1545 1641 1545 1637 1545 1634 1545 1422 1565 1398 1545 1398 1541 1394 1541 1391 1541 1388 1541 618 1562 502 1541 499 1541 495 1541 492 1541 492 1545 471 1562 382 1562 382 1661"/></Shape>
            <String CONTENT="a Dieu donne sans nostre merite. Et"
                    HPOS="379"
                    VPOS="1541"
                    WIDTH="2041"
                    HEIGHT="182"
                    WC="0.9998407500130789"></String>
          </TextLine>
          <TextLine ID="eSc_line_fd00f2f6"
                    TAGREFS="LT8"
                    BASELINE="379 1815 2417 1815" 
                    HPOS="379"
                    VPOS="1692"
                    WIDTH="2038"
                    HEIGHT="174">
            <Shape><Polygon POINTS="379 1815 379 1842 646 1863 649 1863 653 1863 707 1846 926 1846 950 1863 953 1863 957 1863 960 1866 1080 1866 1080 1863 1083 1863 1087 1863 1087 1859 1104 1846 1169 1863 1172 1863 1176 1863 1353 1846 1381 1863 1384 1863 1388 1863 1391 1863 1521 1846 2058 1863 2061 1863 2150 1846 2177 1863 2181 1863 2184 1863 2188 1866 2417 1866 2417 1815 2417 1706 1241 1692 1237 1692 1022 1709 916 1692 912 1692 909 1692 906 1692 906 1695 888 1712 547 1712 509 1692 506 1692 502 1692 379 1709 379 1815"/></Shape>
            <String CONTENT="nous nauons que faire de labourer"
                    HPOS="379"
                    VPOS="1692"
                    WIDTH="2038"
                    HEIGHT="174"
                    WC="0.9974560394431605"></String>
          </TextLine>
          <TextLine ID="eSc_line_191aa332"
                    TAGREFS="LT8"
                    BASELINE="379 1962 2413 1962" 
                    HPOS="379"
                    VPOS="1835"
                    WIDTH="2034"
                    HEIGHT="185">
            <Shape><Polygon POINTS="379 1962 382 2017 454 1996 810 1996 847 2013 851 2013 854 2013 1005 1996 1056 2017 1059 2017 1063 2020 1244 2020 1244 2017 1247 2017 1251 2017 1251 2013 1271 1996 1350 2017 1353 2017 1357 2017 1818 2013 1822 2013 1880 1996 1979 2017 1983 2017 2082 1996 2256 2017 2260 2017 2263 2017 2321 1996 2410 2013 2413 1962 2413 1859 2304 1835 2301 1835 2201 1856 2030 1856 2010 1835 2006 1835 2003 1835 1866 1835 1863 1835 1859 1835 1856 1835 1822 1856 1702 1835 1699 1835 1695 1835 1692 1835 1661 1856 1254 1835 1251 1835 1247 1835 1244 1835 1220 1856 1155 1835 1152 1835 1148 1835 1046 1853 988 1839 984 1839 981 1839 977 1839 974 1839 957 1856 895 1835 892 1835 888 1835 612 1856 588 1839 584 1839 581 1839 379 1839 379 1962"/></Shape>
            <String CONTENT="pour icelles choses: car nous les auõs"
                    HPOS="379"
                    VPOS="1835"
                    WIDTH="2034"
                    HEIGHT="185"
                    WC="0.9976020868007953"></String>
          </TextLine>
          <TextLine ID="eSc_line_be7954f1"
                    TAGREFS="LT8"
                    BASELINE="372 2102 2407 2109" 
                    HPOS="369"
                    VPOS="1986"
                    WIDTH="2038"
                    HEIGHT="174">
            <Shape><Polygon POINTS="372 2102 369 2143 1258 2143 1388 2160 1391 2160 1487 2143 1637 2160 1641 2160 2403 2140 2407 2109 2403 1986 2249 2003 2184 1986 2181 1986 2177 1986 1965 2003 1808 1986 1805 1986 372 1996 372 2102"/></Shape>
            <String CONTENT="toutes/ et sommes, tous ses enfans."
                    HPOS="369"
                    VPOS="1986"
                    WIDTH="2038"
                    HEIGHT="174"
                    WC="0.9886642200606209"></String>
          </TextLine>
          <TextLine ID="eSc_line_e10486ab"
                    TAGREFS="LT8"
                    BASELINE="372 2256 2404 2248" 
                    HPOS="364"
                    VPOS="2123"
                    WIDTH="2036"
                    HEIGHT="184">
            <Shape><Polygon POINTS="369 2251 369 2307 2400 2302 2400 2246 2389 2133 364 2123 369 2251"/></Shape>
            <String CONTENT="Comme tesmoigne sainct Iehan/ di¬"
                    HPOS="364"
                    VPOS="2123"
                    WIDTH="2036"
                    HEIGHT="184"
                    WC="0.979900036797379"></String>
          </TextLine>
          <TextLine ID="eSc_line_8576f3f9"
                    TAGREFS="LT8"
                    BASELINE="386 2403 2430 2403" 
                    HPOS="386"
                    VPOS="2276"
                    WIDTH="2044"
                    HEIGHT="171">
            <Shape><Polygon POINTS="386 2403 386 2447 2430 2441 2430 2403 2427 2290 1894 2300 1866 2283 1863 2283 1859 2283 1856 2283 1764 2300 1736 2283 1733 2283 1730 2283 1726 2283 1555 2300 1518 2276 1514 2276 1511 2276 1507 2276 1504 2276 1439 2294 1394 2276 1391 2276 1388 2276 1384 2276 1381 2276 1381 2280 1353 2304 1131 2304 1035 2276 1032 2276 1029 2276 1025 2276 950 2300 923 2276 919 2276 916 2276 420 2276 417 2276 413 2276 410 2276 386 2294 386 2403"/></Shape>
            <String CONTENT="sant. Regardez quelle charite nous a"
                    HPOS="386"
                    VPOS="2276"
                    WIDTH="2044"
                    HEIGHT="171"
                    WC="0.981825879878468"></String>
          </TextLine>
          <TextLine ID="eSc_line_6c7dae4e"
                    TAGREFS="LT8"
                    BASELINE="393 2533 2410 2557" 
                    HPOS="389"
                    VPOS="2413"
                    WIDTH="2021"
                    HEIGHT="202">
            <Shape><Polygon POINTS="393 2533 389 2577 676 2571 916 2594 919 2594 923 2594 926 2594 926 2591 947 2574 1039 2591 1042 2591 1234 2577 1288 2598 1292 2598 1295 2598 1429 2581 1511 2601 1514 2601 1518 2601 1596 2584 1620 2605 1624 2605 1627 2605 1630 2605 1829 2591 1853 2608 1856 2608 1859 2608 1863 2608 2037 2588 2147 2612 2150 2615 2407 2615 2410 2557 2407 2458 2177 2430 2174 2430 2027 2451 1938 2427 1935 2427 1931 2427 1613 2447 1579 2430 1576 2430 1572 2430 1569 2430 1511 2444 1466 2420 1463 2420 1306 2420 1302 2420 1299 2420 1254 2441 1206 2423 1203 2423 1200 2423 1077 2437 1029 2417 1025 2417 1022 2417 950 2430 929 2413 926 2413 923 2413 919 2413 820 2434 762 2413 759 2413 755 2413 752 2413 748 2413 718 2437 393 2423 393 2533"/></Shape>
            <String CONTENT="donne le Pere/ tellemẽt que nous som"
                    HPOS="389"
                    VPOS="2413"
                    WIDTH="2021"
                    HEIGHT="202"
                    WC="0.9994152832675625"></String>
          </TextLine>
          <TextLine ID="eSc_line_d208fa6f"
                    TAGREFS="LT8"
                    BASELINE="396 2673 2407 2697" 
                    HPOS="393"
                    VPOS="2560"
                    WIDTH="2014"
                    HEIGHT="192">
            <Shape><Polygon POINTS="396 2673 393 2714 929 2714 964 2738 967 2738 971 2738 974 2741 1080 2741 1080 2738 1083 2738 1087 2738 1087 2735 1104 2718 1141 2738 1145 2738 1148 2738 1480 2721 1514 2741 1518 2741 1521 2741 1524 2741 1528 2741 1569 2724 1586 2741 1586 2745 1589 2745 1593 2745 1832 2748 1836 2752 1945 2752 1945 2748 1948 2748 1952 2748 1976 2728 2263 2748 2266 2748 2345 2731 2396 2748 2407 2697 2403 2608 2212 2581 2208 2581 2205 2581 2201 2581 2171 2605 2109 2574 2106 2574 2102 2574 2099 2574 2051 2591 1901 2577 1897 2577 1894 2577 1890 2577 1890 2581 1870 2598 1839 2574 1839 2571 1836 2571 1832 2571 1829 2571 1706 2601 1548 2601 1422 2567 1418 2567 1415 2567 1412 2567 1306 2594 1200 2564 1196 2564 933 2560 929 2560 926 2560 923 2560 923 2564 892 2588 752 2560 748 2560 745 2560 683 2588 396 2564 396 2673"/></Shape>
            <String CONTENT="mes nõmez filz de dieu, ⁊ le sommes."
                    HPOS="393"
                    VPOS="2560"
                    WIDTH="2014"
                    HEIGHT="192"
                    WC="0.9937452835005682"></String>
          </TextLine>
          <TextLine ID="eSc_line_06213afc"
                    TAGREFS="LT8"
                    BASELINE="396 2827 2413 2837" 
                    HPOS="393"
                    VPOS="2707"
                    WIDTH="2020"
                    HEIGHT="171">
            <Shape><Polygon POINTS="396 2827 393 2871 2407 2878 2413 2837 2410 2735 2037 2735 1986 2714 1983 2714 1979 2714 1976 2714 1928 2735 1777 2718 1774 2718 1771 2718 1767 2718 1743 2735 1514 2735 1466 2711 1463 2711 1459 2711 1456 2711 1453 2711 1425 2731 1384 2711 1381 2711 1377 2711 1374 2711 1371 2711 1347 2731 1100 2731 1025 2707 1022 2707 1018 2707 396 2721 396 2827"/></Shape>
            <String CONTENT="Mes treschers maintenant sommes"
                    HPOS="393"
                    VPOS="2707"
                    WIDTH="2020"
                    HEIGHT="171"
                    WC="0.9943090965670924"></String>
          </TextLine>
          <TextLine ID="eSc_line_aa2e1f21"
                    TAGREFS="LT8"
                    BASELINE="393 2964 2424 2991" 
                    HPOS="389"
                    VPOS="2844"
                    WIDTH="2035"
                    HEIGHT="198">
            <Shape><Polygon POINTS="393 2964 389 2998 506 3022 509 3022 813 3008 830 3022 830 3025 834 3025 837 3025 1018 3029 1022 3029 1135 3012 1271 3032 1275 3032 1405 3015 1446 3035 1449 3035 1453 3035 1548 3018 1661 3039 1665 3039 1839 3022 2020 3042 2024 3042 2027 3042 2030 3042 2054 3025 2092 3042 2095 3042 2099 3042 2420 3032 2424 2991 2424 2892 2283 2868 2280 2868 2092 2878 2065 2861 2061 2861 2058 2861 2054 2861 2051 2861 1959 2885 1887 2858 1883 2858 1699 2858 1695 2858 1692 2858 1689 2858 1668 2878 1627 2861 1624 2861 1620 2861 1617 2861 1613 2861 1596 2878 1555 2854 1552 2854 1401 2851 1398 2851 1394 2851 1333 2875 1090 2847 1087 2847 1083 2847 1022 2871 943 2854 940 2854 936 2854 933 2854 909 2871 865 2844 861 2844 858 2844 748 2844 745 2844 741 2844 738 2844 704 2868 393 2865 393 2964"/></Shape>
            <String CONTENT="nous filz de dieu. Cestuy salut nous a"
                    HPOS="389"
                    VPOS="2844"
                    WIDTH="2035"
                    HEIGHT="198"
                    WC="0.9837960083233682"></String>
          </TextLine>
          <TextLine ID="eSc_line_83177e59"
                    TAGREFS="LT8"
                    BASELINE="396 3114 2403 3128" 
                    HPOS="393"
                    VPOS="2994"
                    WIDTH="2010"
                    HEIGHT="171">
            <Shape><Polygon POINTS="393 3152 2396 3165 2403 3128 2400 3032 2280 3008 2277 3008 2177 3032 2054 3032 2017 3008 2013 3008 2010 3008 2006 3008 2003 3008 2000 3008 1972 3029 1880 3012 1877 3012 1610 3025 1545 3005 1542 3005 1538 3005 1401 3025 1271 3001 940 3001 936 3001 933 3001 902 3018 875 2998 871 2998 868 2998 865 2998 468 3015 400 2994 396 3114 393 3152"/></Shape>
            <String CONTENT="dieu uoluntairement donne, par son"
                    HPOS="393"
                    VPOS="2994"
                    WIDTH="2010"
                    HEIGHT="171"
                    WC="0.9877237782758825"></String>
          </TextLine>
          <TextLine ID="eSc_line_01eb4ec0"
                    TAGREFS="LT8"
                    BASELINE="417 3265 2413 3278" 
                    HPOS="417"
                    VPOS="3131"
                    WIDTH="1996"
                    HEIGHT="205">
            <Shape><Polygon POINTS="417 3265 417 3323 451 3306 509 3326 512 3326 516 3329 789 3329 789 3326 793 3326 861 3306 974 3329 977 3329 1090 3309 1135 3329 1138 3329 1141 3333 1371 3333 1371 3329 1374 3329 1377 3329 1401 3309 1480 3333 1483 3333 1487 3336 1706 3336 1706 3333 1709 3333 1712 3333 1712 3329 1733 3312 1911 3312 1969 3336 1972 3336 1976 3336 1979 3336 2054 3316 2106 3336 2109 3336 2112 3336 2116 3336 2201 3316 2270 3336 2273 3336 2277 3336 2410 3323 2413 3278 2413 3169 2205 3169 2184 3148 2184 3145 2181 3145 2177 3145 2174 3145 2171 3145 2092 3169 1972 3169 1945 3145 1942 3145 1938 3145 1935 3145 1753 3162 1709 3141 1706 3141 1702 3141 1699 3141 1651 3162 1606 3141 1603 3141 1600 3141 1247 3159 1227 3141 1227 3138 1224 3138 1220 3138 1135 3138 1131 3138 1128 3138 1124 3138 1104 3159 1059 3138 1056 3138 1053 3138 724 3155 694 3135 690 3135 687 3135 683 3135 570 3155 547 3135 543 3135 540 3135 417 3131 417 3265"/></Shape>
            <String CONTENT="filz Iesu Christ. Car Iesus Christ est"
                    HPOS="417"
                    VPOS="3131"
                    WIDTH="1996"
                    HEIGHT="205"
                    WC="0.994028240442276"></String>
          </TextLine>
          <TextLine ID="eSc_line_02af7d8f"
                    TAGREFS="LT8"
                    BASELINE="406 3412 2413 3429" 
                    HPOS="403"
                    VPOS="3292"
                    WIDTH="2010"
                    HEIGHT="195">
            <Shape><Polygon POINTS="406 3412 403 3466 639 3449 697 3473 700 3473 704 3473 707 3473 793 3449 1042 3449 1066 3473 1066 3477 1070 3477 1073 3477 1077 3477 1278 3456 1330 3480 1333 3480 1336 3480 1483 3477 1487 3477 1490 3477 1514 3459 1535 3477 1535 3480 1538 3480 1542 3480 1610 3483 1613 3483 1617 3483 1678 3463 1812 3483 1815 3483 1818 3483 1880 3459 2130 3487 2133 3487 2136 3487 2140 3487 2167 3463 2229 3487 2232 3487 2236 3487 2239 3487 2287 3463 2324 3480 2328 3480 2331 3480 2335 3480 2410 3459 2413 3429 2410 3309 2301 3326 2277 3306 2273 3306 2270 3306 2184 3306 2181 3306 2177 3306 2174 3306 2174 3309 2154 3329 2092 3329 2027 3306 2024 3306 2020 3306 1682 3323 1613 3299 1610 3299 1388 3299 1384 3299 1381 3299 1377 3299 1360 3312 1343 3299 1340 3299 1336 3299 1333 3299 1169 3319 902 3319 865 3295 861 3295 858 3295 854 3295 769 3312 728 3292 724 3292 721 3292 406 3302 406 3412"/></Shape>
            <String CONTENT="faict homme pour satisfaire a son Pe"
                    HPOS="403"
                    VPOS="3292"
                    WIDTH="2010"
                    HEIGHT="195"
                    WC="0.9971217281288571"></String>
          </TextLine>
          <TextLine ID="eSc_line_146893ae"
                    TAGREFS="LT8"
                    BASELINE="403 3552 2383 3576" 
                    HPOS="403"
                    VPOS="3435"
                    WIDTH="1980"
                    HEIGHT="202">
            <Shape><Polygon POINTS="403 3552 403 3610 451 3593 492 3610 495 3610 499 3610 796 3596 830 3617 834 3617 837 3617 841 3617 844 3617 899 3596 1049 3613 1053 3613 1121 3600 1176 3620 1179 3620 1182 3620 1319 3603 1463 3624 1466 3624 1760 3606 1918 3630 1921 3630 2037 3610 2095 3634 2099 3634 2102 3637 2324 3637 2324 3634 2328 3634 2379 3610 2383 3576 2383 3473 2321 3456 2318 3456 2314 3456 2102 3477 1935 3453 1931 3453 1818 3473 1764 3449 1760 3449 1757 3449 1753 3449 1750 3449 1750 3453 1730 3473 1562 3473 1538 3449 1538 3446 1535 3446 1531 3446 1528 3446 1261 3466 1227 3442 1224 3442 1220 3442 1217 3442 878 3459 813 3439 810 3439 806 3439 687 3459 567 3435 564 3435 403 3453 403 3552"/></Shape>
            <String CONTENT="re pour noꝰ/ et pour faire nostre paix"
                    HPOS="403"
                    VPOS="3435"
                    WIDTH="1980"
                    HEIGHT="202"
                    WC="0.9978784934470528"></String>
          </TextLine>
          <TextLine ID="eSc_line_656c4bdc"
                    TAGREFS="LT8"
                    BASELINE="406 3699 2404 3716" 
                    HPOS="400"
                    VPOS="3589"
                    WIDTH="2000"
                    HEIGHT="185">
            <Shape><Polygon POINTS="405 3697 400 3738 507 3769 512 3769 517 3769 979 3748 1061 3774 1066 3774 1071 3774 2395 3753 2400 3712 2395 3589 405 3589 405 3697"/></Shape>
            <String CONTENT="a son Pere. Cõme escript sainct Paul"
                    HPOS="400"
                    VPOS="3589"
                    WIDTH="2000"
                    HEIGHT="185"
                    WC="0.9989411315402469"></String>
          </TextLine>
          <TextLine ID="eSc_line_a2b3b256"
                    TAGREFS="LT8"
                    BASELINE="406 3842 2396 3870" 
                    HPOS="403"
                    VPOS="3733"
                    WIDTH="1993"
                    HEIGHT="191">
            <Shape><Polygon POINTS="406 3842 403 3883 427 3900 430 3900 434 3900 437 3900 441 3900 444 3900 444 3897 464 3880 547 3900 550 3900 553 3900 1018 3887 1090 3907 1094 3907 1097 3907 1100 3907 1152 3887 1193 3904 1196 3904 1200 3904 1203 3904 1237 3890 1254 3907 1254 3911 1258 3911 1261 3911 1265 3911 1412 3894 1466 3914 1470 3914 1473 3914 1565 3900 1692 3918 1695 3918 2075 3900 2171 3924 2174 3924 2177 3924 2393 3900 2396 3870 2393 3757 2321 3771 2198 3753 2195 3753 2191 3753 2188 3753 2164 3774 2061 3750 2058 3750 2054 3750 2006 3771 1907 3771 1887 3750 1887 3747 1883 3747 1880 3747 1877 3747 1873 3747 1842 3764 1815 3747 1812 3747 1808 3747 1805 3747 1801 3747 1798 3747 1798 3750 1777 3767 1644 3743 1641 3743 1637 3743 1586 3767 1405 3767 1353 3740 1350 3740 1261 3740 1258 3740 1254 3740 1251 3740 1227 3760 800 3733 796 3733 793 3733 789 3733 762 3750 745 3736 745 3733 741 3733 738 3733 735 3733 406 3747 406 3842"/></Shape>
            <String CONTENT="aux Romains. Nous sommes iusti¬"
                    HPOS="403"
                    VPOS="3733"
                    WIDTH="1993"
                    HEIGHT="191"
                    WC="0.9878811990061114"></String>
          </TextLine>
          <TextLine ID="eSc_line_09012f7a"
                    TAGREFS="LT8"
                    BASELINE="410 3996 2407 4017" 
                    HPOS="406"
                    VPOS="3870"
                    WIDTH="2001"
                    HEIGHT="201">
            <Shape><Polygon POINTS="410 3996 406 4051 656 4054 659 4054 663 4054 697 4037 714 4054 718 4054 721 4054 724 4054 906 4041 974 4058 977 4058 981 4058 984 4058 988 4058 1008 4041 1077 4058 1080 4058 1083 4058 1312 4044 1408 4065 1412 4065 1579 4047 1647 4065 1651 4065 1654 4065 1658 4065 1661 4065 1682 4047 1788 4068 1791 4068 2006 4051 2068 4071 2071 4071 2075 4071 2403 4051 2407 4017 2407 3914 2205 3914 2174 3894 2171 3894 2167 3894 2164 3894 2160 3894 2126 3911 2027 3883 2024 3883 2020 3883 2017 3883 1945 3904 1890 3887 1887 3887 1883 3887 1880 3887 1877 3887 1846 3907 1518 3907 1412 3877 1408 3877 1405 3877 1401 3877 1398 3877 1357 3904 1217 3904 1186 3877 1182 3877 1179 3877 1176 3877 1012 3897 940 3873 936 3873 933 3873 813 3897 745 3870 741 3870 738 3870 577 3894 447 3870 444 3870 441 3870 437 3870 410 3887 410 3996"/></Shape>
            <String CONTENT="fiez sans lauoir desseruy: par la grace"
                    HPOS="406"
                    VPOS="3870"
                    WIDTH="2001"
                    HEIGHT="201"
                    WC="0.9822851006801312"></String>
          </TextLine>
          <TextLine ID="eSc_line_f5cfa944"
                    TAGREFS="LT8"
                    BASELINE="406 4136 2407 4164" 
                    HPOS="403"
                    VPOS="4024"
                    WIDTH="2004"
                    HEIGHT="194">
            <Shape><Polygon POINTS="406 4136 403 4167 718 4191 721 4191 813 4177 837 4198 841 4198 844 4198 847 4198 851 4198 902 4184 929 4201 933 4201 936 4201 940 4201 1083 4184 1234 4205 1237 4205 1241 4205 1302 4184 1405 4208 1408 4208 1412 4208 1473 4188 1507 4208 1511 4208 1514 4208 1654 4212 1658 4212 1853 4191 1901 4215 1904 4215 1907 4215 2003 4194 2123 4215 2126 4215 2130 4215 2133 4215 2133 4212 2154 4194 2331 4218 2335 4218 2338 4218 2403 4198 2407 4164 2403 4044 2092 4061 2020 4041 2017 4041 2013 4041 1907 4061 1829 4037 1825 4037 1822 4037 1699 4058 1548 4037 1545 4037 1542 4037 1511 4054 1494 4037 1494 4034 1490 4034 1487 4034 1483 4034 1302 4051 1155 4027 1152 4027 1148 4027 1145 4027 1114 4051 1032 4051 1005 4027 1001 4027 998 4027 994 4027 991 4027 936 4044 906 4024 902 4024 899 4024 895 4024 892 4024 813 4044 533 4024 529 4024 406 4037 406 4136"/></Shape>
            <String CONTENT="de dieu/ et par la redemption, qui est"
                    HPOS="403"
                    VPOS="4024"
                    WIDTH="2004"
                    HEIGHT="194"
                    WC="0.9998303055763245"></String>
          </TextLine>
          <TextLine ID="eSc_line_78b6ec98"
                    TAGREFS="LT8"
                    BASELINE="403 4290 2410 4311" 
                    HPOS="400"
                    VPOS="4164"
                    WIDTH="2010"
                    HEIGHT="208">
            <Shape><Polygon POINTS="403 4290 400 4328 512 4355 516 4355 912 4335 936 4355 936 4359 940 4359 943 4359 947 4359 950 4359 998 4345 1066 4362 1070 4362 1073 4362 1077 4362 1155 4338 1237 4362 1241 4362 1244 4362 1381 4345 1429 4365 1432 4365 1436 4369 1494 4369 1494 4365 1497 4365 1500 4365 1500 4362 1524 4341 1613 4365 1617 4365 1620 4365 1730 4341 1825 4369 1829 4369 1832 4369 1935 4345 2027 4369 2030 4369 2034 4369 2037 4369 2092 4348 2116 4369 2116 4372 2119 4372 2123 4372 2126 4372 2130 4372 2205 4348 2277 4365 2280 4365 2283 4365 2407 4345 2410 4311 2410 4205 2177 4184 2174 4184 2171 4184 2116 4201 2078 4177 2075 4177 2071 4177 2068 4177 2065 4177 1983 4198 1870 4177 1866 4177 1863 4177 1774 4198 1695 4181 1692 4181 1415 4194 1333 4171 1330 4171 1326 4171 1172 4191 1121 4171 1118 4171 1114 4171 1111 4171 1107 4171 1107 4174 1090 4191 1042 4167 1039 4167 1035 4167 957 4184 933 4167 929 4167 926 4167 683 4164 680 4164 403 4181 403 4290"/></Shape>
            <String CONTENT="en Iesu Christ. Ainsi est Christ faict"
                    HPOS="400"
                    VPOS="4164"
                    WIDTH="2010"
                    HEIGHT="208"
                    WC="0.983899944706967"></String>
          </TextLine>
          <TextLine ID="eSc_line_47bef786"
                    TAGREFS="LT8"
                    BASELINE="417 4437 2400 4454" 
                    HPOS="413"
                    VPOS="4318"
                    WIDTH="1987"
                    HEIGHT="194">
            <Shape><Polygon POINTS="417 4437 413 4475 526 4499 529 4499 533 4499 591 4482 724 4482 745 4499 748 4499 752 4499 755 4499 902 4485 919 4499 919 4502 923 4502 926 4502 929 4502 1066 4485 1210 4506 1213 4506 1217 4506 1254 4489 1347 4506 1350 4506 1353 4506 1394 4489 1422 4506 1425 4506 1429 4506 1432 4506 1641 4492 1678 4509 1682 4509 1685 4512 1870 4512 1870 4509 1873 4509 1877 4509 1901 4492 2003 4512 2006 4512 2396 4495 2400 4454 2396 4348 2212 4335 2208 4335 2205 4335 2201 4335 2201 4338 2174 4362 2010 4362 1665 4331 1661 4331 1658 4331 1654 4331 1630 4355 1436 4355 1364 4328 1360 4328 1357 4328 1353 4328 1319 4345 1196 4331 1193 4331 1087 4348 813 4321 810 4321 642 4341 417 4318 417 4437"/></Shape>
            <String CONTENT="un mediateur ẽtre dieu le Pere ⁊ lhõ"
                    HPOS="413"
                    VPOS="4318"
                    WIDTH="1987"
                    HEIGHT="194"
                    WC="0.9884550665554247"></String>
          </TextLine>
          <TextLine ID="eSc_line_6f4561a5"
                    TAGREFS="LT8"
                    BASELINE="400 4588 2396 4622" 
                    HPOS="389"
                    VPOS="4466"
                    WIDTH="2006"
                    HEIGHT="211">
            <Shape><Polygon POINTS="394 4584 389 4636 415 4656 420 4656 425 4656 430 4656 692 4636 759 4661 764 4661 769 4661 1523 4646 1559 4677 1564 4677 1569 4677 1574 4677 1579 4677 1671 4651 2384 4677 2395 4620 2395 4487 394 4466 394 4584"/></Shape>
            <String CONTENT="me. Comme dit sainct Paul aux he¬"
                    HPOS="389"
                    VPOS="4466"
                    WIDTH="2006"
                    HEIGHT="211"
                    WC="0.9947567816936609"></String>
          </TextLine>
        </TextBlock>
        <TextBlock HPOS="1363"
                   VPOS="4639"
                   WIDTH="1061"
                   HEIGHT="199"
                   ID="eSc_textblock_6f390662"
                   TAGREFS="BT17">
          <Shape><Polygon POINTS="1363 4639 1363 4838 2424 4838 2424 4639"/></Shape>
          <TextLine ID="eSc_line_716bc3eb"
                    TAGREFS="LT8"
                    BASELINE="1418 4755 2407 4759" 
                    HPOS="1415"
                    VPOS="4620"
                    WIDTH="990"
                    HEIGHT="226">
            <Shape><Polygon POINTS="1415 4753 1415 4846 1543 4846 1543 4841 1548 4841 1553 4841 1553 4836 1584 4810 1702 4836 1707 4836 1841 4810 2087 4841 2092 4841 2405 4820 2405 4753 2405 4666 2138 4636 2133 4636 2128 4636 2082 4656 2036 4620 2030 4620 2025 4620 2020 4620 1856 4651 1810 4620 1805 4620 1800 4620 1795 4620 1789 4620 1784 4620 1784 4625 1738 4666 1605 4666 1553 4620 1548 4620 1543 4620 1538 4620 1415 4620 1415 4753"/></Shape>
            <String CONTENT="D 4 brieux."
                    HPOS="1415"
                    VPOS="4620"
                    WIDTH="990"
                    HEIGHT="226"
                    WC="0.996473572470925"></String>
          </TextLine>
        </TextBlock>
        <TextBlock HPOS="2376"
                   VPOS="2144"
                   WIDTH="458"
                   HEIGHT="169"
                   ID="eSc_textblock_ce0a04a6"
                   TAGREFS="BT13">
          <Shape><Polygon POINTS="2376 2144 2376 2313 2834 2313 2834 2144"/></Shape>
          <TextLine ID="eSc_line_930f8f46"
                    TAGREFS="LT8"
                    BASELINE="2413 2248 2779 2246" 
                    HPOS="2405"
                    VPOS="2097"
                    WIDTH="369"
                    HEIGHT="215">
            <Shape><Polygon POINTS="2410 2246 2410 2287 2677 2312 2682 2312 2687 2312 2774 2282 2774 2241 2759 2097 2405 2107 2410 2246"/></Shape>
            <String CONTENT="1.Ieh.3."
                    HPOS="2405"
                    VPOS="2097"
                    WIDTH="369"
                    HEIGHT="215"
                    WC="0.968690387904644"></String>
          </TextLine>
        </TextBlock>
        <TextBlock HPOS="2376"
                   VPOS="3602"
                   WIDTH="446"
                   HEIGHT="181"
                   ID="eSc_textblock_cc18b987"
                   TAGREFS="BT13">
          <Shape><Polygon POINTS="2376 3602 2376 3783 2822 3783 2822 3602"/></Shape>
          <TextLine ID="eSc_line_8ee14582"
                    TAGREFS="LT8"
                    BASELINE="2413 3716 2789 3719" 
                    HPOS="2405"
                    VPOS="3589"
                    WIDTH="379"
                    HEIGHT="190">
            <Shape><Polygon POINTS="2410 3712 2405 3779 2779 3779 2784 3718 2784 3589 2410 3589 2410 3712"/></Shape>
            <String CONTENT="Rom.2."
                    HPOS="2405"
                    VPOS="3589"
                    WIDTH="379"
                    HEIGHT="190"
                    WC="0.959205557902654"></String>
          </TextLine>
        </TextBlock>
        <TextBlock HPOS="2382"
                   VPOS="4506"
                   WIDTH="476"
                   HEIGHT="181"
                   ID="eSc_textblock_2d7504f3"
                   TAGREFS="BT13">
          <Shape><Polygon POINTS="2382 4506 2382 4687 2858 4687 2858 4506"/></Shape>
          <TextLine ID="eSc_line_4ff28821"
                    TAGREFS="LT8"
                    BASELINE="2413 4622 2824 4629" 
                    HPOS="2405"
                    VPOS="4466"
                    WIDTH="415"
                    HEIGHT="241">
            <Shape><Polygon POINTS="2410 4620 2405 4697 2646 4682 2810 4707 2820 4625 2820 4471 2410 4466 2410 4620"/></Shape>
            <String CONTENT="Hebre.7."
                    HPOS="2405"
                    VPOS="4466"
                    WIDTH="415"
                    HEIGHT="241"
                    WC="0.9999177381396294"></String>
          </TextLine>
        </TextBlock>
      </PrintSpace>
    </Page>
  </Layout>
</alto>
