4267 7123
1310 811 249 178 O

2129 791 1235 222 De Inobedience.

1479 937 2478 297 Et sainct Iehã dit. Il ya maintenãt

1480 1163 2462 261 plusieurs Antechristz. Ilz sont yssuz

1480 1361 2474 225 de nous, mais ilz nestoyent point de

1468 1523 2474 245 nous, car silz eussent este de nous, ilz

1468 1689 2478 226 eussent demeure auec nous. Ainsi sont

1464 1871 2474 238 toutes gens enfans de Dieu: mais il

1468 2041 2466 246 en ya plusieurs qui se font indignes/

1488 2220 2446 245 ⁊ se partẽt de dieu. Lautre filz, qui

1460 2398 2466 249 demeure aupres de son pere, est filz, ⁊

1456 2568 2466 245 demeure filz, ⁊ heritier, par ce quil est

1456 2738 2466 245 obeissant a son pere. Toutesfois il na

1448 2916 2462 229 point merite par sa bõne uie/ ⁊ obeis¬

1448 3078 2466 261 sance, la possession des biẽs de son pe¬

1444 3260 2466 238 re, mais les a seulement garde de per¬

1440 3419 2474 257 dre par desobeir. Car le pere peut dire.

1448 3597 2454 261 Cher filz il est biẽ uray, que tu as gar

1444 3791 2458 229 de au mieulx que tu as peu mes com¬

1444 3953 2470 237 mandemens toutesfois ta bonte ne te

1432 4127 2458 245 feroit point riche, si neust este que ie

1432 4301 2431 245 leusse gaigne. Ainsi donc cõbien pres/

1432 4479 2411 234 ⁊ estroictemẽt que gardons les com¬

1436 4653 2395 222 mandemẽs de dieu, cela ne nous prou

1452 4811 2371 266 fiteroit riẽ, si nestoit que Iesus Christ

1436 5005 2387 230 nous eust premier gaigne la uie eter¬

1440 5156 2371 261 nelle de son Pere celeste, par sa mort.

1444 5346 2379 265 Nostre bonte, ou iustice, ne nous prou

3340 5555 487 270 fiteroit

1016 961 416 374 2.Ieh.2
