4267 6225
1609 712 318 197 230

2117 650 1551 197 De deux gouuernemens.

1837 785 2160 266 chain/ il faict ꝑ la nature de son esprit

1847 947 2156 253 aussi ce de quoy il na mesmes q̃ faire:

1847 1096 2156 263 mais de quoy son ꝓchain a besoing/ ⁊

1865 1248 2159 252 pour ce q̃ le glaiue est une chose fort ne

1861 1400 2184 260 cessaire pour tout le mõde/ pour entre

1861 1563 2170 231 tenir paix/ ⁊ cõcorde poͬ punir les pe¬

1875 1704 2170 260 chez/ ⁊ empescher la malice/ pourtant

1903 1864 2121 242 se rend aussi tresuoluntiers le uray

1879 2005 2176 263 Chrestien soubz le gouuernement du

1886 2171 2173 246 glaiue, ⁊ de la iustice tẽporelle/ il paye

1889 2310 2166 252 aussi tailles/ il honore la puissance/ et

1896 2448 2173 246 hautesse mondaine/ il sert/ il ayde/ il

1910 2607 2145 246 faict tout ce qͥl peut affin q̃ icelle puis¬

1917 2770 2138 228 sance puisse ꝓsperer/ ⁊ estre gardee en

1920 2918 2142 232 hõneur/ ⁊ crainte: iasoit q̃ icelle puissã

1920 3060 2160 239 ce ne luy est en rien ꝓuffitable/ ne uti

1920 3219 2149 208 le/ car il pense tousiours de soy mesme

1920 3368 2139 239 q̃lle chose est utile a son ꝓchain, cõme

1948 3530 2111 222 nous enseigne S. Paul aux Corin¬

1927 3676 2128 218 thiẽs. Car un tel seruice nest poĩt nuy¬

1937 3824 2118 243 sable au Chrestien, et amaine toutes¬

2014 3973 2028 225 oys grãd prouffit au mõde. Et sil ne

1941 4125 2101 229 le faisoit ainsi, il ne seroit point Chre¬

1948 4277 2080 229 stien/ ⁊ pecheroit cõtre la reigle de cha

1948 4447 2076 211 rite/ car il dõneroit mauuais exemple

1955 4589 2062 249 aux autres/ qͥlz ne hõnoreroient aussi

3699 4731 339 228 point

1536 3569 388 160 1.cor.10.
