4267 6154
2328 629 253 225 143

858 629 923 215 Chapitre .xuii.

290 789 2058 219 labeur de ses mains, ⁊ il dõne aumos¬

297 953 2045 202 ne selõ son pouoir. Aĩsi uault mieulx

304 1100 2055 202 en cecy le citoyen, que le religieux. Car

314 1251 2025 205 Iesꝰ Christ a mesme dit/ que cest cho

304 1398 2055 188 se plus salutaire ⁊ plꝰ heureuse de dõ¬

300 1548 2038 188 ner, q̃ de recepuoir. Le tiers que ꝓ¬

287 1706 2065 157 met le moine cest chastete. Neãtmoĩs

287 1839 2055 191 lestat de mariage plaist aussi a Dieu,

280 1989 2065 188 car il la mesmes institue. Le moine

273 2133 2072 181 promet de garder la reigle dun hõme.

273 2280 2069 185 Le mesnagier est cõtent de la ꝓmesse

280 2437 2065 175 quil a faict au baptesme, moyennãt qͥl

276 2571 2072 191 la sache bien garder. Car la bonne uie

283 2718 2035 188 ne gist point en beaucoup promettre:

273 2858 2065 195 mais en biẽ tenir ce quõ a promis. Le

270 3001 2072 199 moine se resiouist pourtant q̃ S. Fran

280 3148 2051 205 coys ou S. Dominicque est son supe¬

273 3302 2055 195 rieur. Le mesnagier tiẽt dieu poͬ sõ su

280 3446 2038 195 perieur. Le moine a la reigle dun hõe.

280 3589 2044 199 Le mesnagier la reigle de Dieu/ assa¬

276 3730 2052 211 uoir leuãgile, Pourquoy se ueult dõc

270 3883 2044 202 tenir un moine plus sainct q̃ le com¬

270 4027 2058 212 mun mesnagier? Dieu est egalement

263 4181 2065 205 prochain a tous ceux qui laymẽt de

266 4331 2052 195 tout leur coeur/ ⁊ uiuent selon leuãgi

259 4475 2055 266 le. Labit des moines ne leurs ceremo

2017 4670 290 188 nies

2372 1261 400 188 Actu.20.
