4267 7464
2848 680 320 251 123

1144 700 1078 257 Chapitre .xiiii.

485 3215 323 380 E

456 883 2384 273 ⁊ dicelles nous faire participãs, ueu

464 1069 2380 278 qͥlz ne scaiuẽt mesmes satisfaire pour

456 1268 2384 233 eux? Et si ce nest que telz hypocrites

460 1443 2380 236 delaissent la fiãce de leurs bõnes oeu

464 1608 2376 245 ures, ⁊ qͥlz appreignent a soy attendre

472 1778 2451 262 a la iustice, et satisfaction de Iesu

464 1973 2380 224 Christ, ilz ne serõt iamais sauuez. Car

443 2152 2393 232 le Pharisien auoit faict assez de biẽs,

435 2334 2405 220 mais pource quil luy sembloit bien, et

439 2508 2401 245 quil sen glorifioit, pourtant a il este

422 2705 1244 193 reprouue de Dieu.

572 2873 2115 224 ¶ En quelle chose gist la Chre¬

634 3029 1916 236 stiente. Chapitre .xiiii.

814 3209 2034 212 N ce donc gist la uraye Chrestiẽ

814 3383 2041 212 te, que tu faces tout ce q̃ la chari

460 3586 2405 204 te ꝓcedãte de ta foy iuge estre aggrea

460 3744 2405 211 ble a Dieu, ⁊ quãd tu as tout faict au

476 3931 2385 219 moins mal que tu peuz, q̃ tu te iuges

481 4109 2384 220 encore urayment seruiteur inutile, et

497 4279 2360 220 que par toutes bõnes oeuures tu nas

489 4445 2359 240 encore rien merite, ou sil y a q̃lque biẽ

485 4627 2359 232 qui appartient a Dieu, iasoit que par

481 4805 2376 233 sa bonte il le uueille remunerer, ⁊ que

468 4980 2393 232 ainsi il remunere le bien qͥl a mesmes

472 5158 2380 232 fait ꝑ sõ S. esprit en noꝰ ⁊ nauõs riẽ,

485 5336 2384 274 fors ce qui uiẽt de Dieu, auq̃l il nous

2475 5519 394 302 fault
