4267 6400
2357 656 213 288 37

1120 725 849 195 Chapitre .iiii.

398 881 1465 203 parle de la foy dAbraham.

490 1048 1956 189 Mais pourtãt q̃ ne scauons enten¬

394 1191 2045 199 dre cecy/ il nous fault monter de bas

398 1340 2048 196 en hault. Nous croyrõs donc premier

387 1486 2052 202 a Leuangile. Quãd nostre Seigneur

384 1628 2065 220 cõmenca premieremẽt a prescher il di

373 1765 2048 208 soit ainsi comme recite sainct Marc.

376 1930 2031 210 Ayez repẽtãce/ ⁊ croyez a Leuangile.

480 2076 1948 220 Tu pourrois demãder: Quelle cho

380 2225 2048 207 se est Leuãgile? Cest un bon ⁊ ioyeux

380 2378 2041 217 messaige: ou annõciation. Car cest un

394 2520 2027 214 messaige/ ⁊ une nouuelle de la faueͬ/

398 2670 2034 213 grace/ mercy/ et misericorde de Dieu

398 2812 2044 231 uers nous. Cest/ diz ie/ un messaige

387 2972 2048 206 monstrant/ que Dieu nous a prins a

391 3118 2041 213 mercy. Et pourtãt chantoiẽt les an¬

398 3260 2027 235 ges/ quãd Iesus Christ estoit nay/ cõ

394 3424 2016 202 me recite sainct Luc. Ie uous annon

423 3566 1987 220 ce grãd ioye/ Car auiourdhuy est nay

419 3704 2013 239 uostre Sauueur Iesꝰ Christ. En cest

401 3857 2038 231 Euangile cest a dire/ en cestuy messai

401 4024 2031 207 ge croyrõs nous. Cest a dire/ noꝰ croy

391 4156 2058 231 rons certainement/ q̃ Dieu le Pere a

394 4309 2038 235 icy ẽuoye son filz pour noꝰ racheter/

401 4458 2048 228 affranchir/ ⁊ deliurer du diable/ auq̃l

398 4611 2059 260 nous estiõs faictz subiectz/ ⁊ serfz par

1776 4794 666 235 C 3 le

2432 1744 426 272 Mar.1.

2421 3440 352 218 Luc.2.
