4267 6457
1627 554 258 306 34

2576 638 897 212 Du baptesme.

1988 792 2099 262 neries/ chappelles/ ⁊ fondãt des obitz

1995 950 2085 240 et autres prebendes/ ou largent quon

2002 1097 2078 237 offre en leglise/ et duquel on faict des

1991 1248 2092 240 uaisseaux dor ⁊ dargẽt/ ⁊ autres pre¬

1984 1399 2092 236 cieux ornemens. On employroit mil

1970 1546 2096 247 le fois mieulx cest argẽt son en tenoit

1970 1700 2088 237 des ieunes filz et filles aux escolles

1963 1847 2092 251 iusques a ce qͥlz sceussent bien lire. Car

1963 2012 2063 233 on trouue mainte anciẽne personne qͥ

1955 2141 2064 248 scait a grand paine son Pater noster/

1959 2313 2063 233 ou Credo. Pourtãt diz ie que ce seroit

1959 2453 2042 237 une bõne chose pour la chrestiente/ si

1945 2604 2052 222 on faisoit aller toꝰ enfans a lescolle/

1948 2747 2042 248 iusq̃s a ce qͥlz sceussẽt lire/ ⁊ entẽdre la

1952 2891 2042 251 saĩcte escripture. Et adõc ceux qͥ nau¬

1934 3049 2035 240 roiẽt poĩt de sens ou entẽdem̃t poͬ de¬

1927 3210 2042 230 meurer aux escolles/ on les feroit ap¬

1927 3346 2038 248 prẽdre un mestier. Si on faisoit aĩsi

1909 3493 2060 255 il en aduiẽdroit double ꝓuffit au mõ¬

1902 3641 2038 243 de. Premierem̃t noꝰ nauriõs poĩt un

1912 3798 2017 241 si grãd tas de p̃bstres ⁊ de moines illi

1891 3945 2006 241 terez/ ⁊ riẽ scauãt en leglise Chrestien

1880 4089 2010 247 ne. Maintenãt sõt faictz tãt de ieunes

1876 4250 2010 241 prebstres ⁊ moines lesquelz ne font q̃

1873 4394 2013 247 semer erreͬs au mõde, car ilz p̃schẽt ce

1862 4541 2024 269 qͥ ne scauẽt, ⁊ ce croyẽt les simples gẽs.

3434 4753 438 244 Secon¬
