4267 6154
2333 692 200 246 165

892 711 841 191 Chapitre .xx.

287 875 2037 191 soyent au tẽps iadiz en latin: car elles

280 1025 2038 185 lentendoyẽt bien. Et par ce est il adue

287 1172 2024 181 nu q̃ les nõnes chantent ⁊ lisent en la

287 1316 2031 181 tin/ ⁊ le plus par uaine gloire/ pource

290 1456 2031 191 q̃ le latin sonne plus honnorablement

283 1613 2021 181 deuãt le monde. Il y a encore une cho

283 1757 2024 184 se en la uie des nõnes moult a despri¬

276 1897 2025 174 ser/ ⁊ laquelle est contraire a Leuangi

259 2044 2042 198 le/ cest quelles sont sy sumptueusemẽt

266 2191 2024 195 uestues/ ⁊ tant iustement attinctees/

253 2348 2048 178 et parees. Cestoit anciennemẽt la cou

263 2488 2041 178 stume/ q̃ telles religieuses sen alloyent

263 2625 2041 181 a teste nue/ ⁊ a nud col/ uenoyẽt tout

263 2769 2048 188 ainsi a lassemblee. Ceste maniere ont

263 2919 2051 181 redargue ⁊ chãge les ministres/ ⁊ ont

263 3063 2044 198 ordonne q̃lles uiendroyent a lassem¬

266 3210 2035 191 blee le chief couuert/ cõme autres fem

270 3360 2020 192 mes. Et quand quelque fille promet¬

280 3504 2017 188 toit chastete/ le ministre luy couuroit

273 3641 2028 208 le chief et le col: affin quon ne le ueist

273 3798 2021 178 point, ⁊ q̃ nul ne conuoitast. Et pour¬

273 3955 2017 175 ce quil ny auoit nul monastere/ telles

276 4082 2021 212 uierges se tenoyẽt en lhostel de leͬs pa

280 4239 2024 198 rẽs/ ⁊ ne uuidoynt poynt hors dauec

280 4379 2010 209 leͬs parens sinon poͬ aller uisiter les

290 4536 1997 216 martyrs es prisõs. Et on les ꝯgnois¬

1630 4671 688 241 L 3 soit
