4267 6400
2293 602 176 251 39

945 668 843 203 Chapitre .iiii.

298 789 2059 251 nous a recõcilie a soy par Christ. Iesꝰ

312 977 2084 214 Christ donc est faict un mediateur en

316 1137 2062 203 tre Dieu ⁊ lhõme/ et a offert soymes¬

323 1287 2073 188 me une oblation a son Pere/ par laq̃l

320 1440 2048 199 le il noꝰ a repare/ ⁊ faict nostre paix/

316 1582 2077 195 Et pource que le diable boutoit main

309 1728 2084 202 tenãt sa main en Dieu/ auq̃l il nauoit

305 1880 2063 196 nul droit/ il a aĩsi ꝑdu tout son droit/

305 2033 2077 175 lequel il auoit sur nous. Et ainsi som

312 2186 2070 189 mes nous deliurez/ de la seruitude et

330 2332 2077 188 subiection du diable/ ⁊ appartenõs a

323 2481 2062 189 Dieu. Et par ce q̃ le filz de Dieu est

334 2624 2055 188 maĩtenãt faict hõme/ il est aussi faict

330 2773 2070 181 nostre frere. Et si noꝰ sommes ses fre

334 2926 2073 188 res/ noꝰ sommes aussi heritiers auec

337 3072 2052 188 luy/ de la gloire de sõ pere. Cõe escript

346 3226 2038 166 sainct Paul/ disant: Si noꝰ sommes

359 3377 2019 182 enfans/ nous sommes aussi heritiers

359 3523 2044 185 auec Christ. Et nous auons autãt/ et

369 3672 2034 175 aussi grãd droit au ciel, comme Iesus

369 3815 2020 202 Christ mesme. Car Iesꝰ Christ est un

384 3971 2023 185 filz de Dieu/ aussi sommes nous/ re¬

376 4120 2041 189 serue q̃ Iesꝰ Christ est Filz naturel/ et

359 4273 2044 185 a tousiours este Filz de Dieu/ mais

373 4423 2041 185 nous sommes seulement enfans de

362 4568 2063 217 Dieu/ par la debonnairete ⁊ grace de

1370 4698 1056 246 C 4 Dieu/

2394 3189 411 245 Rom.8.
