4267 6400
2490 682 118 267 3

1187 668 555 206 Preface.

386 874 599 646 S

1027 842 1426 189 Ourtant que toutes per¬

1031 1013 1422 181 sonnes ne scauent lire/ ou

1027 1155 1444 174 entendre tous les liures:

1056 1296 1386 186 ffin que chascũ puisse sca

412 1454 2023 188 uoir quel est le fondement de toutes

398 1600 2034 188 escriptures, ⁊ q̃lles choses elles nous

387 1749 2052 188 enseignẽt: iay cõprins en bref/ en ce pre

380 1898 2045 192 sent liure tout le fondement ⁊ la som¬

387 2058 2045 174 me de la saincte escripture: de laquelle

384 2204 2041 192 le chef/ ⁊ le principal est la foy/ qui

398 2353 2023 185 produyt Esperance/ ⁊ Charite. Et ce

401 2499 2027 199 affin que un chascun puisse scauoir

412 2645 2005 199 quelle chose il doibt croire/ en quoy il

412 2794 2009 199 doibt esperer/ poͬquoy il doibt aymer

398 2933 2012 203 Dieu: ⁊ cõment Dieu est nostre pere/

387 3089 2027 199 ⁊ nous ses enfans: ⁊ cõment noꝰ som

380 3235 2030 206 mes heritiers du Royaume de Dieu:

380 3392 2002 188 ainsi que nous enseigne sainct Paul

391 3541 2041 203 en toutes ses epistres/ en diuers chapi

387 3683 2062 217 tres: lesquelz sont souuentesfois alle¬

387 3832 2027 217 guez ⁊ recitez en ce present liure. Itẽ

380 3992 2023 200 cõment sans noz merites nous som¬

380 4138 2037 210 mes iustifiez/ affin que ne mettõs nr̃e

380 4280 2066 217 fiãce en noz bõnes oeuures/ cõme fai¬

373 4430 2052 231 soyent les Iuifz. Neantmoins quand

362 4586 2059 235 en ce liure ie escriptz que Dieu nous

1664 4750 753 224 A 2 iusti

2428 3370 377 196 Rom.
