4267 6425
1479 567 231 268 178

2363 585 829 193 Des maryez

1806 753 2207 210 prochain/ ⁊ lhomme/ ⁊ la femme bien

1806 931 2198 171 consentans ensemble. Et dieu a mes¬

1817 1077 2200 193 mes institue le mariage en paradis

1796 1227 2221 190 terrestre. Lhõme attribuera tousiours

1806 1381 2203 203 quelque peu a la femme: car cest un

1854 1525 2155 209 uaisseau fragile. Ilz uiuront aucu¬

1810 1691 2203 225 nesfois aussi en chastete auec un pro¬

1806 1856 2207 217 pos ⁊ accord/ affin quilz puissent ieu¬

1827 2002 2188 219 ner ⁊ prier. Et uaudroit tousiours

1803 2170 2210 210 mieux que semblable prinst en maria

1821 2327 2196 203 ge son semblable. Car si un paoure cõ

1813 2473 2189 214 paignõ prend une riche ou noble fem

1810 2619 2192 204 me/ elle ueult estre le chief/ ⁊ cela est cõ

1810 2777 2199 199 traire a la doctrine S. Paul. Et si la

1817 2937 2192 204 paoure fille prend un riche ou noble

1810 3094 2192 197 mary elle nest point cõpaigne ne da¬

1817 3248 2182 200 me du mesnage/ mais seruante. Car

1813 3405 2186 207 il ne la recõgnoit point pour son sem¬

1813 3562 2175 189 blable: mais la tient pour son por¬

1813 3719 2179 196 te panier/ ⁊ souillon/ ⁊ sela est pareil¬

1806 3869 2164 203 lement contre la doctrine S. Paul.

1810 4026 2146 196 Car par tel moyen la femme na point

1817 4183 2121 189 acquis un mary/ mais un tyrant/ ⁊

1821 4333 2106 175 uiolent dominateͬ. Et Eue na point

1806 4483 2121 203 este cree des piedz dAdam: mais de sa

1806 4640 2111 264 coste. Neantmoins quand le riche est

3671 4818 285 252 con¬

1388 883 386 289 Gen.2.

1415 1563 402 262 1.Pe.3.

1366 2013 435 251 1.Cor.7.
