4267 6400
2384 672 197 250 7

1105 696 552 196 Preface.

368 821 2042 245 ures poͬ peche/ ⁊ en icelles nauoir au¬

373 1020 2062 196 cune fiãce croyãs que nous serõs sau¬

366 1173 2059 188 uez/ par les promesses de Dieu: nous

373 1315 2041 196 sommes enfans Dabrahã/ duq̃l tou¬

366 1457 2044 207 tes les escriptures baillent tesmoigna

355 1614 2048 199 ge/ que par sa foy il a este iustifie/ et

344 1756 2056 203 a trouue salut. Et a ceste cause est il

344 1898 2070 214 dit le pere des croyãs ⁊ fideles/ ⁊ ceste

334 2051 2051 213 est la foy de laq̃lle ie escriptz en ce li¬

341 2204 2037 210 ure: affin q̃ toutes personnes puissent

341 2353 2016 196 uenir a cognoistre ⁊ scauoir quelle est

323 2496 2038 213 la foy Chrestienne. De laquelle par¬

337 2648 2024 207 lent toutes les escriptures: ⁊ singulie¬

327 2791 2030 220 remẽt sainct Iehan en son Euãgile/

320 2922 1744 235 et sainct Paul en ses Epistres.

320 3086 2037 220 Et pour ce quil fault que la personne

320 3242 2044 221 croye que sa foy le iustifie/ ⁊ nõ point

316 3402 2034 185 ses oeuures: iay brefuement cõprins

309 3537 2030 224 icy/ ⁊ declaire cõment la foy noꝰ iusti

320 3687 2030 209 fie/ ⁊ cõment noꝰ sommes enfans de

312 3840 2034 206 Dieu/ ⁊ cõment nous seruirõs nostre

304 3973 1989 219 pere par charite ⁊ comment nous ne

327 4131 1998 224 doubterõs rien de nostre salut a cause

320 4261 1973 251 des parolles de Dieu. Et quãd une

309 4437 2027 227 personne a ceste esperance/ elle apprẽt

302 4590 2019 242 a porter icy patiemment toute tribula

1539 4775 768 238 A 4 tion

2314 4010 400 208 Rom.8.

2309 4309 405 219 Rom.3.
