4267 6296
1674 493 283 246 14d

2572 531 837 200 Des moines.

1935 682 2065 251 uouloit auoir tel seruice contraing, i⁊

1932 853 2037 238 contraindroit bien les diables de ben

1939 1010 1750 207 coup prier, chanter, ueiller ⁊c.

2046 1154 1969 241 Mais Dieu ne ueult poĩt noz oeu/

1914 1315 2104 224 ures quand il na point nr̃e coeur, Et

1921 1469 2104 223 toutes les oeuures que nous faisons

1918 1615 2089 224 iournellemẽt sont aggreables a dieu/

1911 1762 2093 238 si noꝰ auõs bõne fiãce en dieu en noz

1911 1930 2089 221 coeurs. Et toutes oeuures faictes sãs

1900 2077 2104 231 foy ⁊ charite/ sont pechez deuãt dieu, ⁊

1883 2235 2110 216 nous nous attẽdons sur icelles cõe si

1904 2374 2089 235 se fussent bonnes oeuures. Et ꝑ ainsi

1893 2514 2100 242 te uauldroit il mieux de uuyder de ta

1897 2661 2096 252 religion, ⁊ toy pecheur publiq̃ deuant

1879 2812 2111 241 Dieu, recõgnoistre ton mesfaict/ com

1876 2962 2107 255 me faisoit le Publicain q̃ de toy ainsi

1869 3123 2103 238 attendre sur tes oeuures/ cõme si dieu

1893 3277 1904 220 pour icelles te deuoit son paradis.

2012 3424 1939 234 Mais tu dis: Ie lay promis il me y

1890 3571 2065 241 fault demourer. Ie dis de rechef. Nul

1862 3721 2082 248 nest tenu de garder la ꝓmesse, laquel

1851 3872 2058 241 le est contraire a son salut, cõme firent

1857 4013 2032 242 Iepte/ ⁊ Herode/ lesquelz eussẽt beau¬

1857 4186 2016 221 coup mieux faict de rõpre leͬs sermẽs

1842 4333 2020 221 que de tenir leurs promesses. Car nul

1834 4480 2019 304 ne doibt promettre ne tenir chose laq̃l¬

3699 4708 116 167 le

1406 3982 436 241 Luce.18.

1390 4186 452 179 Iudic.11.

1385 4291 430 215 Mar.6.
