4267 6154
2446 487 215 313 dz

929 547 876 201 Chapitreuiii.

287 700 2065 216 Dieu par le peche dAdã/ il a este acce¬

294 868 2054 202 pte de dieu deuãt qͥl le desirast/ ou re¬

294 1011 2061 206 quist/ et deuant quil leust aucunemẽt

311 1162 2034 202 desseruy. Et dieu nous a faict ses en¬

300 1309 2045 205 fans ⁊ ses heritiers sans nostre meri¬

290 1463 2041 188 te. Quãd dõc noꝰ croyõs fermement,

283 1623 2055 175 ceste Foy ameine charite en nr̃e coeur/

276 1760 2059 168 tellemẽt q̃ nous cõmenceons a aymer

273 1907 2055 185 dieu pour ce qͥl nous a faict si grans ⁊

270 2044 2072 202 excellẽs. Et quãd ainsi noꝰ laymõs

266 2201 2076 188 nous gardõs ses cõmandemens par

280 2352 2044 174 charite/ ⁊ faisons toutes choses uolũ

276 2485 2035 185 tairemẽt. Cõe dit Iesus Christ en S.

287 2629 2014 191 Iehan. Qui mayme garde mes com¬

280 2779 2044 181 mãdemens. Et ainsi gardõs noꝰ tou¬

287 2926 2044 185 tes choses/ et souffrons toutes choses

283 3077 2059 181 lesquelles nous estimõs estre aggrea¬

290 3224 2058 188 bles a dieu/ ⁊ nulle chose noꝰ est pesan

287 3374 2041 164 te. Et (cõe dit sainct Paul) noꝰ nous

297 3518 2048 184 glorifions en afflictiõs/ scachãs que

297 3668 2031 185 affliction engendre patiẽce/ et patien¬

290 3808 2031 188 ce ꝓbation/ ⁊ ꝓbatiõ/ esperãce. Mais

294 3962 2017 185 esperance ne nous rend point confuz/

304 4109 2051 171 pour ce que la dilection de Dieu a este

297 4256 2072 174 espandue en noz coeurs par le sainct

300 4403 2031 212 Esprit qui nous est dõne: laq̃lle dile¬

1562 4553 749 206 F 2 ction

2345 2666 356 216 Ieh.14.

2338 3353 395 236 Rom.5.
