4267 6200
2256 599 288 224 229.

954 578 965 197 Chapitre .xxui.

323 737 2031 206 mesme ꝓphete. Ilz cõuertiront leurs

334 899 2020 189 glaiues en coultres de charrue/ et leͬs

330 1047 2024 182 lances en faux. Lun peuple ne leuera

323 1181 2013 203 nul glaiue cõtre lautre/ et ne serõt plꝰ.

323 1329 2027 196 exercez en la guerre. Ces parolles icy ⁊

327 1481 2016 193 autres semblables ne sont poĩt dictes

334 1622 1992 193 de toutes personnes qͥ portent le nom

320 1763 1996 207 de Iesu Christ/ mais seulemẽt de ceux

303 1911 2026 200 qui portent le nom/ ⁊ lEsprit de Iesu

292 2056 2034 207 Christ/ cestadire de tous urays Chre¬

292 2201 2044 210 stiẽs/ lesq̃lz certes font ainfi lun par¬

289 2345 2051 190 my lautre. Maintenãt pourroit aucũ

289 2480 2054 196 demãder/ ueu q̃ les urays Chrestiens

286 2635 2064 189 nont q̃ faire du glaiue ne du droit secu

282 2769 2059 203 lier/ pourquoy dõc enseigne S. Paul

289 2920 2068 200 a tous Chrestiens q̃ toutes ames serõt

299 3072 2044 186 subiectes aux puissances hautaines?

296 3217 2016 175 Et pareillemẽt dit S. Pierre que les

303 3358 2010 193 Chrestiens soyent subiectz a toute hu¬

299 3503 2034 206 maine creature. Respõse. Iay ẽseigne

310 3654 2023 196 q̃ les Chrestiẽs entre eux ensemble/ et

306 3792 2023 193 auec lun lautre nont q̃ faire de glaiue

303 3947 2020 203 ne de loy: car ce ne leͬ est point besoing

299 4085 2368 224 L

310 4236 2009 200 Chrestiẽ ne uit point sur terre poͬ son

330 4395 1982 251 prouffit/ mais au prouffit de son pro¬

1455 4563 816 197 ᑕor.13.

2324 3222 336 170 P 3 chain/

2333 3361 372 190 Ro.14.

2337 4260 317 6 1.Pet.2.
