4267 6442
1732 647 340 262 144

2641 658 867 218 Des moines.

1958 801 2097 269 niesne les peuuẽt ayder quãd le coeur

1961 969 2116 254 nest point bon. Et labit seculier ne

1968 1138 2120 229 peut nuyre au mesnagier, quand le

1954 1288 2137 233 coeur est spirituel. Car la perfectiõ de

1947 1442 2130 232 Chrestiente ne gist point en manger,

1950 1603 2134 225 ou en boire, ou en autres oeuures exte

1950 1746 2127 240 rieures, cõme sont ieuner, prier de bou

1950 1896 2116 244 che, ueiller, lire, chãter, abaisser le chef

1943 2065 2112 225 ou genoulx ployer, ou en quelque au¬

1947 2201 2108 239 tre chose semblable. Cõe tesmoingne

1936 2358 2130 229 S. Paul aux Romains, disant. Le

1929 2515 2126 222 royaume de Dieu nest point uiande

1925 2644 2127 254 ou beuurage. Mais est iustice, en paix

1940 2791 2112 251 ⁊ en lyesse au S. Esprit. Si ton coeur

1936 2952 2123 240 ⁊ intention, ne quiert autre chose que

1933 3099 2115 243 lhõneur ⁊ uolunte de Dieu, ⁊ si tu te

1925 3249 2116 254 resiouys de pouoir faire ou souffrir q̃l

1940 3407 2083 243 que chose pour lamour de Dieu, cest

1933 3557 2083 243 un signe de salut. Que chascun reli¬

1925 3696 2073 258 gieux saiche quil ne fault poĩt cuyder

1925 3861 2052 243 que par ses oeuures exterieures il se¬

1915 4011 2036 240 ra iustifie, ou qͥl est aucunement meil¬

1913 4138 2036 269 leur que lhõme seculier cõme au iour¬

1915 4301 1979 247 dhuy (Dieu le uueille amẽder) noꝰ

1922 4466 2004 240 uoyõs que plusieurs religieux se esti

1915 4616 2008 279 ment tant sainctz, comme silz estoyẽt

3647 4817 269 200 seulz
