<?xml version="1.0" encoding="UTF-8"?>
<alto xmlns:xsi="http://www.w3.org/2001/XMLSchema-instance"
      xmlns="http://www.loc.gov/standards/alto/ns-v4#"
      xsi:schemaLocation="http://www.loc.gov/standards/alto/ns-v4# http://www.loc.gov/standards/alto/v4/alto-4-2.xsd">
  <Description>
    <MeasurementUnit>pixel</MeasurementUnit>
    <sourceImageInformation>
      <fileName>La_somme_de_lescripture_saincte_...Luther_Martin_bpt6k328613m.pdf_page_11.png</fileName>
      <fileIdentifier>pdf//La_somme_de_lescripture_saincte_...Luther_Martin_bpt6k328613m.pdf</fileIdentifier>
    </sourceImageInformation>
  </Description>
  <Tags>
    <OtherTag ID="BT7" LABEL="CustomZone" DESCRIPTION="block type CustomZone"/><OtherTag ID="BT8" LABEL="DamageZone" DESCRIPTION="block type DamageZone"/><OtherTag ID="BT9" LABEL="DigitizationArtefactZone" DESCRIPTION="block type DigitizationArtefactZone"/><OtherTag ID="BT10" LABEL="DropCapitalZone" DESCRIPTION="block type DropCapitalZone"/><OtherTag ID="BT11" LABEL="GraphicZone" DESCRIPTION="block type GraphicZone"/><OtherTag ID="BT12" LABEL="MainZone" DESCRIPTION="block type MainZone"/><OtherTag ID="BT13" LABEL="MarginTextZone" DESCRIPTION="block type MarginTextZone"/><OtherTag ID="BT14" LABEL="MusicZone" DESCRIPTION="block type MusicZone"/><OtherTag ID="BT15" LABEL="NumberingZone" DESCRIPTION="block type NumberingZone"/><OtherTag ID="BT17" LABEL="QuireMarksZone" DESCRIPTION="block type QuireMarksZone"/><OtherTag ID="BT18" LABEL="RunningTitleZone" DESCRIPTION="block type RunningTitleZone"/><OtherTag ID="BT19" LABEL="SealZone" DESCRIPTION="block type SealZone"/><OtherTag ID="BT20" LABEL="StampZone" DESCRIPTION="block type StampZone"/><OtherTag ID="BT21" LABEL="TableZone" DESCRIPTION="block type TableZone"/><OtherTag ID="BT22" LABEL="TitlePageZone" DESCRIPTION="block type TitlePageZone"/><OtherTag ID="BT3120" LABEL="text" DESCRIPTION="block type text"/>
    <OtherTag ID="LT7" LABEL="CustomLine" DESCRIPTION="line type CustomLine"/><OtherTag ID="LT8" LABEL="DefaultLine" DESCRIPTION="line type DefaultLine"/><OtherTag ID="LT9" LABEL="DropCapitalLine" DESCRIPTION="line type DropCapitalLine"/><OtherTag ID="LT10" LABEL="HeadingLine" DESCRIPTION="line type HeadingLine"/><OtherTag ID="LT11" LABEL="InterlinearLine" DESCRIPTION="line type InterlinearLine"/><OtherTag ID="LT12" LABEL="MusicLine" DESCRIPTION="line type MusicLine"/><OtherTag ID="LT958" LABEL="default" DESCRIPTION="line type default"/>
  </Tags>
  <Layout>
    <Page WIDTH="4267"
          HEIGHT="6400"
          PHYSICAL_IMG_NR="10"
          ID="eSc_dummypage_">
      <PrintSpace HPOS="0"
                  VPOS="0"
                  WIDTH="4267"
                  HEIGHT="6400">
        <TextBlock HPOS="2355"
                   VPOS="723"
                   WIDTH="268"
                   HEIGHT="221"
                   ID="eSc_textblock_dfc03b8c"
                   TAGREFS="BT15">
          <Shape><Polygon POINTS="2355 723 2355 944 2623 944 2623 723"/></Shape>
          <TextLine ID="eSc_line_09beacb1"
                    TAGREFS="LT8"
                    BASELINE="2401 860 2569 868" 
                    HPOS="2394"
                    VPOS="672"
                    WIDTH="171"
                    HEIGHT="250">
            <Shape><Polygon POINTS="2400 858 2394 896 2437 922 2442 922 2448 922 2453 922 2458 922 2560 890 2565 864 2560 672 2400 677 2400 858"/></Shape>
            <String CONTENT="7"
                    HPOS="2394"
                    VPOS="672"
                    WIDTH="171"
                    HEIGHT="250"
                    WC="0.998969554901123"></String>
          </TextLine>
        </TextBlock>
        <TextBlock HPOS="1032"
                   VPOS="684"
                   WIDTH="666"
                   HEIGHT="192"
                   ID="eSc_textblock_836de757"
                   TAGREFS="BT18">
          <Shape><Polygon POINTS="1032 684 1032 876 1698 876 1698 684"/></Shape>
          <TextLine ID="eSc_line_0b99c9e9"
                    TAGREFS="LT10"
                    BASELINE="1105 817 1657 821" 
                    HPOS="1105"
                    VPOS="696"
                    WIDTH="552"
                    HEIGHT="196">
            <Shape><Polygon POINTS="1532 707 1497 707 1472 704 1440 718 1425 704 1390 704 1354 700 1319 700 1308 700 1244 711 1173 696 1141 696 1105 696 1105 817 1105 888 1184 864 1283 892 1287 892 1290 892 1653 860 1657 821 1653 732 1578 732 1539 707 1532 707"/></Shape>
            <String CONTENT="Preface."
                    HPOS="1105"
                    VPOS="696"
                    WIDTH="552"
                    HEIGHT="196"
                    WC="0.9999760910868645"></String>
          </TextLine>
        </TextBlock>
        <TextBlock HPOS="260"
                   VPOS="860"
                   WIDTH="2218"
                   HEIGHT="3938"
                   ID="eSc_textblock_acd36989"
                   TAGREFS="BT12">
          <Shape><Polygon POINTS="298 860 260 4798 2371 4798 2356 4539 2338 4260 2358 4062 2403 3951 2478 929"/></Shape>
          <TextLine ID="eSc_line_0afae660"
                    TAGREFS="LT8"
                    BASELINE="376 995 2442 1009" 
                    HPOS="373"
                    VPOS="860"
                    WIDTH="2069"
                    HEIGHT="203">
            <Shape><Polygon POINTS="2240 867 2236 867 2169 899 2097 867 2094 867 2090 867 2087 867 2083 867 2083 871 2051 903 1927 903 1845 867 1834 867 1799 864 1753 864 1749 864 1745 864 1696 892 1653 864 1649 864 1646 864 1461 864 1457 864 1454 864 1450 864 1404 896 1340 896 1244 860 1240 860 1237 860 1233 860 1173 892 1016 871 1013 871 1009 871 1006 871 1006 874 984 896 896 896 817 867 814 867 810 867 586 885 497 867 483 867 448 867 416 867 376 885 376 995 373 1024 529 1052 533 1052 810 1031 832 1048 832 1052 835 1052 839 1052 842 1052 1269 1038 1408 1059 1411 1063 1557 1063 1557 1059 1561 1059 1564 1059 1585 1041 1681 1059 1685 1059 1689 1059 1763 1038 1831 1059 1834 1059 1838 1059 2048 1041 2151 1063 2154 1063 2158 1063 2161 1063 2193 1041 2329 1063 2332 1063 2439 1038 2442 1009 2442 878 2243 867 2240 867"/></Shape>
            <String CONTENT="ures poͬ peche/ ⁊ en icelles nauoir au¬"
                    HPOS="373"
                    VPOS="860"
                    WIDTH="2069"
                    HEIGHT="203"
                    WC="0.9995383604978904"></String>
          </TextLine>
          <TextLine ID="eSc_line_736c0186"
                    TAGREFS="LT8"
                    BASELINE="376 1144 2435 1162" 
                    HPOS="373"
                    VPOS="1020"
                    WIDTH="2062"
                    HEIGHT="196">
            <Shape><Polygon POINTS="376 1144 373 1187 1031 1184 1116 1201 1120 1201 1123 1201 1198 1184 1376 1205 1379 1205 1521 1187 1717 1208 1721 1208 1809 1191 1831 1208 1834 1208 1838 1208 1841 1208 1845 1208 1909 1194 2023 1212 2026 1216 2368 1216 2368 1212 2371 1212 2432 1191 2435 1162 2421 1034 2389 1056 2193 1034 2190 1034 2186 1034 2101 1056 2076 1034 2073 1034 2069 1034 1952 1031 1948 1031 1614 1052 1529 1027 1525 1027 1521 1027 1308 1048 1198 1024 1194 1024 1088 1048 828 1048 792 1020 789 1020 785 1020 782 1020 778 1020 732 1038 682 1020 679 1020 675 1020 672 1020 668 1020 668 1024 647 1041 554 1024 551 1024 376 1038 376 1144"/></Shape>
            <String CONTENT="cune fiãce croyãs que nous serõs sau¬"
                    HPOS="373"
                    VPOS="1020"
                    WIDTH="2062"
                    HEIGHT="196"
                    WC="0.9841948643326759"></String>
          </TextLine>
          <TextLine ID="eSc_line_9b3498f2"
                    TAGREFS="LT8"
                    BASELINE="369 1290 2425 1308" 
                    HPOS="366"
                    VPOS="1173"
                    WIDTH="2059"
                    HEIGHT="188">
            <Shape><Polygon POINTS="369 1290 366 1322 451 1347 455 1347 458 1347 764 1333 814 1351 817 1351 821 1351 824 1351 888 1333 1041 1351 1045 1351 1319 1336 1336 1351 1336 1354 1340 1354 1344 1354 1347 1354 1461 1336 1699 1354 1703 1354 1941 1340 2144 1361 2147 1361 2421 1340 2425 1308 2425 1208 1891 1208 1838 1180 1834 1180 1585 1180 1582 1180 1578 1180 1529 1201 1472 1176 1468 1176 1465 1176 1205 1201 1056 1173 1052 1173 1048 1173 988 1198 924 1173 920 1173 821 1173 817 1173 814 1173 810 1173 810 1176 782 1198 657 1180 654 1180 369 1191 369 1290"/></Shape>
            <String CONTENT="uez/ par les promesses de Dieu: nous"
                    HPOS="366"
                    VPOS="1173"
                    WIDTH="2059"
                    HEIGHT="188"
                    WC="0.9785629792345895"></String>
          </TextLine>
          <TextLine ID="eSc_line_43b3fdc1"
                    TAGREFS="LT8"
                    BASELINE="376 1440 2414 1457" 
                    HPOS="373"
                    VPOS="1315"
                    WIDTH="2041"
                    HEIGHT="196">
            <Shape><Polygon POINTS="376 1440 373 1489 376 1493 380 1493 380 1496 384 1496 387 1496 391 1496 490 1475 515 1496 519 1496 522 1496 526 1496 636 1475 736 1493 739 1493 910 1479 960 1500 963 1500 967 1500 1102 1479 1251 1500 1255 1500 1568 1482 1621 1507 1625 1507 1628 1507 1927 1486 2001 1511 2005 1511 2009 1511 2364 1489 2400 1511 2414 1457 2400 1329 2364 1351 1977 1326 1973 1326 1969 1326 1923 1344 1649 1326 1646 1326 1642 1326 1639 1326 1639 1329 1621 1344 1500 1322 1497 1322 1386 1344 1248 1322 1244 1322 1240 1322 1191 1344 1091 1319 1088 1319 1084 1319 785 1340 590 1322 586 1322 501 1336 416 1315 412 1315 408 1315 405 1315 401 1315 376 1329 376 1440"/></Shape>
            <String CONTENT="sommes enfans Dabrahã/ duq̃l tou¬"
                    HPOS="373"
                    VPOS="1315"
                    WIDTH="2041"
                    HEIGHT="196"
                    WC="0.9997436106204987"></String>
          </TextLine>
          <TextLine ID="eSc_line_d5924858"
                    TAGREFS="LT8"
                    BASELINE="369 1582 2410 1607" 
                    HPOS="366"
                    VPOS="1457"
                    WIDTH="2044"
                    HEIGHT="207">
            <Shape><Polygon POINTS="369 1582 366 1614 440 1639 444 1639 448 1639 561 1621 952 1646 956 1646 1233 1628 1248 1646 1251 1646 1251 1649 1255 1649 1258 1649 1262 1649 1265 1649 1269 1649 1294 1632 1457 1632 1539 1653 1543 1653 1546 1653 1824 1635 1859 1656 1863 1656 1866 1656 1870 1656 2041 1639 2122 1660 2126 1660 2129 1664 2375 1664 2375 1660 2378 1660 2382 1660 2407 1639 2410 1607 2410 1507 2229 1507 2172 1479 2169 1479 2165 1479 1987 1500 1955 1475 1952 1475 1948 1475 1945 1475 1941 1475 1891 1489 1831 1472 1827 1472 1824 1472 1820 1472 1817 1472 1785 1496 1738 1479 1735 1479 1731 1479 1728 1479 1653 1496 1539 1468 1536 1468 1532 1468 1248 1493 1155 1468 1152 1468 1148 1468 984 1489 871 1461 867 1461 864 1461 696 1486 625 1457 622 1457 618 1457 369 1464 369 1582"/></Shape>
            <String CONTENT="tes les escriptures baillent tesmoigna"
                    HPOS="366"
                    VPOS="1457"
                    WIDTH="2044"
                    HEIGHT="207"
                    WC="0.995169062363474"></String>
          </TextLine>
          <TextLine ID="eSc_line_83732f0c"
                    TAGREFS="LT8"
                    BASELINE="359 1731 2403 1756" 
                    HPOS="355"
                    VPOS="1614"
                    WIDTH="2048"
                    HEIGHT="199">
            <Shape><Polygon POINTS="359 1731 355 1788 597 1792 600 1792 604 1792 650 1770 736 1795 739 1795 743 1795 842 1774 928 1774 949 1792 949 1795 952 1795 956 1795 960 1795 1098 1781 1116 1795 1116 1799 1120 1799 1123 1799 1127 1799 1230 1777 1269 1802 1272 1802 1276 1802 1280 1802 1397 1781 2108 1813 2112 1813 2115 1813 2186 1792 2282 1813 2286 1813 2400 1792 2403 1756 2403 1649 2350 1628 2346 1628 2343 1628 2172 1653 2105 1624 2101 1624 1973 1624 1969 1624 1966 1624 1902 1649 1873 1624 1870 1624 1866 1624 1863 1624 1731 1646 1706 1624 1706 1621 1703 1621 1699 1621 1696 1621 1692 1621 1607 1646 1468 1617 1465 1617 1461 1617 1368 1642 1219 1614 1216 1614 1212 1614 1120 1639 1041 1614 1038 1614 1034 1614 1031 1614 970 1639 359 1621 359 1731"/></Shape>
            <String CONTENT="ge/ que par sa foy il a este iustifie/ et"
                    HPOS="355"
                    VPOS="1614"
                    WIDTH="2048"
                    HEIGHT="199"
                    WC="0.9995729327201843"></String>
          </TextLine>
          <TextLine ID="eSc_line_bb1c6838"
                    TAGREFS="LT8"
                    BASELINE="348 1877 2400 1905" 
                    HPOS="344"
                    VPOS="1756"
                    WIDTH="2056"
                    HEIGHT="203">
            <Shape><Polygon POINTS="348 1877 344 1930 1852 1934 1881 1955 1884 1955 1888 1955 1891 1955 2094 1941 2137 1959 2140 1959 2144 1959 2396 1941 2400 1905 2400 1784 2201 1781 2197 1781 2193 1781 2140 1802 2126 1788 2126 1784 2122 1784 2119 1784 2115 1784 2112 1784 2058 1799 2037 1781 2037 1777 2033 1777 2030 1777 2026 1777 2023 1777 1934 1799 1703 1799 1681 1777 1681 1774 1678 1774 1674 1774 1671 1774 1415 1792 1376 1767 1372 1767 1368 1767 1365 1767 1361 1767 1290 1784 1216 1767 1212 1767 1208 1767 1205 1767 1201 1767 1169 1788 1013 1763 1009 1763 1006 1763 931 1784 856 1760 853 1760 849 1760 846 1760 842 1760 817 1781 487 1756 483 1756 348 1774 348 1877"/></Shape>
            <String CONTENT="a trouue salut. Et a ceste cause est il"
                    HPOS="344"
                    VPOS="1756"
                    WIDTH="2056"
                    HEIGHT="203"
                    WC="0.9998514025639265"></String>
          </TextLine>
          <TextLine ID="eSc_line_c8f6d108"
                    TAGREFS="LT8"
                    BASELINE="348 2023 2414 2058" 
                    HPOS="344"
                    VPOS="1898"
                    WIDTH="2070"
                    HEIGHT="214">
            <Shape><Polygon POINTS="348 2023 344 2072 1169 2072 1219 2094 1223 2094 1226 2094 1429 2080 1585 2101 1589 2101 1593 2101 1596 2101 1625 2083 1856 2101 1859 2101 1863 2101 1920 2087 1994 2108 1998 2108 2001 2108 2115 2090 2204 2112 2208 2112 2211 2112 2410 2094 2414 2058 2407 1937 2023 1952 1845 1927 1841 1927 1838 1927 1770 1944 1753 1923 1749 1923 1749 1920 1745 1920 1742 1920 1738 1920 1415 1941 1383 1916 1383 1912 1379 1912 1376 1912 1372 1912 1024 1934 625 1930 565 1898 561 1898 558 1898 348 1909 348 2023"/></Shape>
            <String CONTENT="dit le pere des croyãs ⁊ fideles/ ⁊ ceste"
                    HPOS="344"
                    VPOS="1898"
                    WIDTH="2070"
                    HEIGHT="214"
                    WC="0.9957120773338136"></String>
          </TextLine>
          <TextLine ID="eSc_line_77484b65"
                    TAGREFS="LT8"
                    BASELINE="337 2176 2385 2208" 
                    HPOS="334"
                    VPOS="2051"
                    WIDTH="2051"
                    HEIGHT="213">
            <Shape><Polygon POINTS="337 2176 334 2211 391 2236 394 2236 398 2236 401 2236 465 2215 519 2232 522 2232 526 2232 728 2218 789 2243 792 2243 796 2243 1009 2222 1034 2243 1034 2247 1038 2247 1041 2247 1045 2247 1048 2247 1095 2229 1198 2247 1201 2247 1205 2247 1248 2225 1287 2243 1290 2243 1294 2243 1511 2236 1529 2250 1529 2254 1532 2254 1536 2254 1539 2254 1543 2254 1625 2232 1646 2250 1646 2254 1649 2254 1653 2254 1657 2254 1660 2254 1692 2240 1703 2254 1706 2254 1706 2257 1710 2257 1713 2257 1717 2261 1884 2261 1884 2257 1888 2257 1930 2236 1991 2261 1994 2261 1998 2261 2176 2243 2321 2264 2325 2264 2329 2264 2382 2240 2385 2208 2385 2101 2240 2080 2236 2080 2233 2080 2229 2080 2229 2083 2201 2104 1966 2104 1941 2080 1937 2080 1934 2080 1930 2080 1927 2080 1884 2097 1827 2072 1824 2072 1820 2072 1817 2072 1731 2097 1699 2072 1699 2069 1696 2069 1692 2069 1689 2069 1543 2094 1408 2072 1404 2072 1400 2072 1336 2090 1290 2065 1287 2065 1173 2062 1063 2062 1059 2062 1056 2062 1052 2062 1016 2087 782 2055 778 2055 618 2080 554 2051 551 2051 547 2051 337 2076 337 2176"/></Shape>
            <String CONTENT="est la foy de laq̃lle ie escriptz en ce li¬"
                    HPOS="334"
                    VPOS="2051"
                    WIDTH="2051"
                    HEIGHT="213"
                    WC="0.9905868713245836"></String>
          </TextLine>
          <TextLine ID="eSc_line_c6595646"
                    TAGREFS="LT8"
                    BASELINE="341 2321 2378 2357" 
                    HPOS="341"
                    VPOS="2204"
                    WIDTH="2037"
                    HEIGHT="210">
            <Shape><Polygon POINTS="341 2321 341 2382 398 2364 536 2364 551 2385 554 2385 554 2389 558 2389 561 2389 565 2392 682 2392 682 2389 686 2389 689 2389 689 2385 704 2371 743 2392 746 2392 750 2392 1148 2375 1265 2400 1269 2400 1418 2382 1511 2403 1514 2403 1518 2403 1724 2385 1792 2410 1795 2410 1969 2414 1973 2414 1977 2414 2026 2396 2087 2414 2090 2414 2094 2414 2375 2392 2378 2357 2378 2254 2332 2236 2329 2236 2325 2236 2229 2254 2176 2229 2172 2229 2169 2229 2016 2250 1966 2229 1962 2229 1959 2229 1955 2229 1952 2229 1923 2247 1575 2247 1539 2218 1536 2218 1532 2218 1529 2218 1361 2240 1041 2236 1024 2218 1024 2215 1020 2215 1016 2215 1013 2215 1009 2215 977 2232 956 2211 956 2208 952 2208 949 2208 945 2208 839 2232 764 2232 732 2204 728 2204 725 2204 721 2204 341 2218 341 2321"/></Shape>
            <String CONTENT="ure: affin q̃ toutes personnes puissent"
                    HPOS="341"
                    VPOS="2204"
                    WIDTH="2037"
                    HEIGHT="210"
                    WC="0.9880564319781768"></String>
          </TextLine>
          <TextLine ID="eSc_line_940f1ee6"
                    TAGREFS="LT8"
                    BASELINE="344 2474 2357 2510" 
                    HPOS="341"
                    VPOS="2353"
                    WIDTH="2016"
                    HEIGHT="196">
            <Shape><Polygon POINTS="344 2474 341 2506 565 2513 590 2535 593 2535 597 2535 600 2535 746 2517 945 2542 949 2542 1073 2524 1144 2545 1148 2545 1152 2545 1312 2528 1344 2549 1347 2549 1351 2549 1354 2549 1358 2549 1393 2535 2350 2549 2357 2510 2353 2382 2236 2403 2201 2385 2197 2385 2193 2385 2190 2385 2186 2385 2158 2407 2122 2378 2119 2378 2115 2378 2112 2378 1955 2403 1785 2375 1781 2375 1653 2396 1607 2375 1603 2375 1600 2375 1500 2392 1447 2368 1443 2368 1440 2368 1436 2368 1351 2392 1255 2364 1251 2364 1080 2360 1077 2360 1073 2360 995 2385 945 2368 942 2368 938 2368 746 2382 344 2353 344 2474"/></Shape>
            <String CONTENT="uenir a cognoistre ⁊ scauoir quelle est"
                    HPOS="341"
                    VPOS="2353"
                    WIDTH="2016"
                    HEIGHT="196"
                    WC="0.9806807805330325"></String>
          </TextLine>
          <TextLine ID="eSc_line_11ddf5ed"
                    TAGREFS="LT8"
                    BASELINE="327 2616 2361 2656" 
                    HPOS="323"
                    VPOS="2496"
                    WIDTH="2038"
                    HEIGHT="213">
            <Shape><Polygon POINTS="327 2616 323 2659 416 2677 419 2677 423 2677 472 2659 508 2680 512 2680 515 2680 519 2680 522 2680 526 2680 547 2663 643 2680 647 2680 796 2666 821 2684 824 2684 828 2684 832 2684 963 2670 981 2684 981 2688 984 2688 988 2688 992 2688 1340 2677 1433 2698 1436 2698 1440 2698 1561 2680 1585 2698 1589 2698 1593 2698 1596 2698 1802 2688 1898 2705 1902 2705 1980 2688 1994 2705 1998 2705 1998 2709 2001 2709 2005 2709 2009 2709 2357 2691 2361 2656 2353 2531 2307 2556 2243 2538 2240 2538 2236 2538 2233 2538 2176 2556 2108 2535 2105 2535 2101 2535 2097 2535 2026 2552 1998 2528 1998 2524 1994 2524 1991 2524 1987 2524 1806 2549 1760 2520 1756 2520 1753 2520 1621 2517 1617 2517 1614 2517 1550 2535 1390 2513 1386 2513 1383 2513 1379 2513 1354 2538 1248 2538 1123 2538 1066 2506 1063 2506 1059 2506 888 2531 846 2503 842 2503 839 2503 835 2503 700 2528 576 2499 572 2499 462 2520 376 2496 373 2496 369 2496 366 2496 327 2513 327 2616"/></Shape>
            <String CONTENT="la foy Chrestienne. De laquelle par¬"
                    HPOS="323"
                    VPOS="2496"
                    WIDTH="2038"
                    HEIGHT="213"
                    WC="0.9988567034403483"></String>
          </TextLine>
          <TextLine ID="eSc_line_5498220b"
                    TAGREFS="LT8"
                    BASELINE="341 2759 2361 2801" 
                    HPOS="337"
                    VPOS="2648"
                    WIDTH="2024"
                    HEIGHT="207">
            <Shape><Polygon POINTS="341 2759 337 2794 433 2819 437 2819 1123 2816 1176 2837 1180 2837 1184 2837 1187 2837 1251 2819 1351 2840 1354 2840 1681 2826 1742 2848 1745 2848 2023 2855 2026 2855 2357 2837 2361 2801 2361 2705 2190 2680 2186 2680 2062 2698 1856 2673 1852 2673 1710 2691 1681 2670 1678 2670 1674 2670 1671 2670 1518 2688 1233 2663 1230 2663 1048 2677 988 2656 984 2656 981 2656 853 2673 832 2656 832 2652 828 2652 824 2652 821 2652 679 2670 622 2648 618 2648 615 2648 341 2648 341 2759"/></Shape>
            <String CONTENT="lent toutes les escriptures: ⁊ singulie¬"
                    HPOS="337"
                    VPOS="2648"
                    WIDTH="2024"
                    HEIGHT="207"
                    WC="0.9858950987458229"></String>
          </TextLine>
          <TextLine ID="eSc_line_709d1fd8"
                    TAGREFS="LT8"
                    BASELINE="330 2908 2357 2951" 
                    HPOS="327"
                    VPOS="2791"
                    WIDTH="2030"
                    HEIGHT="220">
            <Shape><Polygon POINTS="330 2908 327 2965 472 2951 629 2954 664 2979 668 2979 672 2979 675 2979 814 2958 853 2983 856 2983 860 2983 1077 2986 1080 2986 1084 2986 1148 2965 1166 2986 1169 2986 1169 2990 1173 2990 1176 2990 1180 2990 1276 2972 1340 2993 1344 2993 1347 2993 1450 2979 1628 2997 1632 2997 1635 2997 1678 2976 1706 3000 1710 3000 1713 3000 1717 3000 1721 3000 1785 2986 1873 3004 1877 3004 1881 3004 1884 3004 1909 2983 1991 2983 2023 3008 2026 3008 2030 3008 2033 3008 2179 2986 2211 3011 2215 3011 2218 3011 2222 3011 2353 3000 2357 2951 2357 2848 2151 2823 2147 2823 1934 2837 1827 2816 1824 2816 1820 2816 1760 2833 1610 2812 1607 2812 1603 2812 1600 2812 1571 2830 1344 2830 1002 2798 999 2798 995 2798 917 2816 661 2791 657 2791 330 2805 330 2908"/></Shape>
            <String CONTENT="remẽt sainct Iehan en son Euãgile/"
                    HPOS="327"
                    VPOS="2791"
                    WIDTH="2030"
                    HEIGHT="220"
                    WC="0.9819629225465987"></String>
          </TextLine>
          <TextLine ID="eSc_line_81863892"
                    TAGREFS="LT8"
                    BASELINE="330 3061 1866 3093 2139 3113" 
                    HPOS="320"
                    VPOS="2922"
                    WIDTH="1818"
                    HEIGHT="219">
            <Shape><Polygon POINTS="325 3056 320 3093 698 3098 746 3130 752 3130 757 3130 762 3130 1125 3114 1189 3141 1194 3141 1200 3141 2133 3136 2138 3109 2138 2997 1914 2997 1802 2954 1797 2954 1536 2949 1530 2949 1525 2949 1520 2949 1482 2981 1338 2944 1333 2944 1328 2944 1322 2944 1258 2976 1093 2938 1088 2938 1082 2938 1077 2938 1034 2965 805 2933 800 2933 666 2954 480 2922 474 2922 325 2949 325 3056"/></Shape>
            <String CONTENT="et sainct Paul en ses Epistres."
                    HPOS="320"
                    VPOS="2922"
                    WIDTH="1818"
                    HEIGHT="219"
                    WC="0.9990406017149648"></String>
          </TextLine>
          <TextLine ID="eSc_line_d3ae6f7a"
                    TAGREFS="LT8"
                    BASELINE="323 3210 2357 3253" 
                    HPOS="320"
                    VPOS="3086"
                    WIDTH="2037"
                    HEIGHT="220">
            <Shape><Polygon POINTS="323 3210 320 3239 384 3264 387 3264 391 3264 394 3264 455 3246 483 3271 483 3274 487 3274 490 3274 494 3274 661 3249 760 3249 785 3274 785 3278 789 3278 792 3278 796 3278 800 3278 856 3256 885 3281 888 3281 892 3281 896 3281 1038 3260 1059 3278 1059 3281 1063 3281 1066 3281 1169 3288 1173 3288 1297 3267 1347 3288 1351 3288 1354 3288 1457 3271 1504 3296 1507 3296 1511 3296 1632 3271 1849 3303 1852 3303 1856 3303 1934 3281 2012 3306 2016 3306 2019 3306 2023 3306 2058 3288 2090 3306 2094 3306 2097 3306 2353 3296 2357 3253 2357 3150 2300 3132 2297 3132 2293 3132 2112 3143 2080 3121 2076 3121 2073 3121 2069 3121 1849 3139 1763 3114 1760 3114 1756 3114 1525 3132 1454 3107 1450 3107 1447 3107 1194 3125 1173 3107 1173 3104 1169 3104 1166 3104 1162 3104 1159 3104 1155 3104 1137 3118 999 3096 995 3096 828 3118 387 3086 384 3086 380 3086 323 3107 323 3210"/></Shape>
            <String CONTENT="Et pour ce quil fault que la personne"
                    HPOS="320"
                    VPOS="3086"
                    WIDTH="2037"
                    HEIGHT="220"
                    WC="0.9803192969915029"></String>
          </TextLine>
          <TextLine ID="eSc_line_916337b3"
                    TAGREFS="LT8"
                    BASELINE="323 3356 2364 3395" 
                    HPOS="320"
                    VPOS="3242"
                    WIDTH="2044"
                    HEIGHT="221">
            <Shape><Polygon POINTS="323 3356 320 3399 508 3431 512 3431 515 3431 600 3409 625 3431 629 3431 632 3431 636 3431 871 3413 920 3438 924 3438 928 3438 1056 3416 1088 3441 1091 3441 1095 3441 1098 3441 1301 3427 1329 3445 1333 3445 1336 3445 1340 3445 1468 3431 1571 3448 1575 3448 1578 3448 1582 3448 1603 3431 1632 3452 1635 3452 1639 3452 1806 3456 1809 3456 1955 3434 1984 3456 1984 3459 1987 3459 1991 3459 1994 3459 2137 3438 2169 3463 2172 3463 2176 3463 2179 3463 2361 3438 2364 3395 2361 3296 2176 3274 2172 3274 2169 3274 2165 3274 2165 3278 2144 3299 2005 3299 1952 3271 1948 3271 1945 3271 1941 3271 1877 3292 1649 3292 1632 3267 1628 3267 1628 3264 1625 3264 1621 3264 1617 3264 1504 3281 1493 3267 1489 3267 1489 3264 1486 3264 1482 3264 1251 3256 1248 3256 1095 3278 1048 3253 1045 3253 1041 3253 906 3274 888 3253 885 3253 885 3249 881 3249 878 3249 874 3249 768 3271 526 3271 437 3242 433 3242 430 3242 323 3260 323 3356"/></Shape>
            <String CONTENT="croye que sa foy le iustifie/ ⁊ nõ point"
                    HPOS="320"
                    VPOS="3242"
                    WIDTH="2044"
                    HEIGHT="221"
                    WC="0.9992491253992406"></String>
          </TextLine>
          <TextLine ID="eSc_line_44c82dfe"
                    TAGREFS="LT8"
                    BASELINE="320 3509 2350 3548" 
                    HPOS="316"
                    VPOS="3402"
                    WIDTH="2034"
                    HEIGHT="185">
            <Shape><Polygon POINTS="320 3509 316 3559 2343 3587 2350 3548 2346 3431 2001 3441 1980 3424 1980 3420 1977 3420 1973 3420 1969 3420 1827 3438 1507 3434 1489 3416 1489 3413 1486 3413 1482 3413 1479 3413 1304 3427 1244 3406 1240 3406 1237 3406 1077 3424 1052 3402 1048 3402 1045 3402 1041 3402 949 3420 924 3402 920 3402 917 3402 320 3402 320 3509"/></Shape>
            <String CONTENT="ses oeuures: iay brefuement cõprins"
                    HPOS="316"
                    VPOS="3402"
                    WIDTH="2034"
                    HEIGHT="185"
                    WC="0.9817479766077466"></String>
          </TextLine>
          <TextLine ID="eSc_line_eb40bbda"
                    TAGREFS="LT8"
                    BASELINE="312 3651 2339 3697" 
                    HPOS="309"
                    VPOS="3537"
                    WIDTH="2030"
                    HEIGHT="224">
            <Shape><Polygon POINTS="312 3651 309 3708 1024 3712 1095 3736 1098 3736 1102 3736 1105 3736 1180 3719 1255 3740 1258 3740 1262 3740 1265 3740 1333 3722 1433 3744 1436 3744 1532 3726 1546 3744 1550 3744 1550 3747 1553 3747 1557 3747 1721 3751 1724 3751 1827 3733 1863 3754 1866 3754 1870 3754 1873 3754 2019 3736 2044 3758 2048 3758 2051 3758 2183 3761 2186 3761 2336 3740 2339 3697 2336 3584 2108 3594 1998 3573 1994 3573 1877 3591 1820 3569 1817 3569 1813 3569 1713 3587 1660 3562 1657 3562 1653 3562 1649 3562 1561 3584 1500 3559 1497 3559 1493 3559 1489 3559 1400 3580 312 3537 312 3651"/></Shape>
            <String CONTENT="icy/ ⁊ declaire cõment la foy noꝰ iusti"
                    HPOS="309"
                    VPOS="3537"
                    WIDTH="2030"
                    HEIGHT="224"
                    WC="0.9844701811671257"></String>
          </TextLine>
          <TextLine ID="eSc_line_04cf5ee5"
                    TAGREFS="LT8"
                    BASELINE="323 3804 2350 3850" 
                    HPOS="320"
                    VPOS="3687"
                    WIDTH="2030"
                    HEIGHT="209">
            <Shape><Polygon POINTS="323 3804 320 3854 465 3840 494 3861 494 3864 497 3864 501 3864 504 3864 604 3843 640 3861 643 3861 647 3861 1013 3854 1105 3879 1109 3879 1433 3886 1436 3886 1440 3886 1497 3864 1564 3889 1568 3889 1571 3889 1689 3868 1881 3896 1884 3896 2346 3882 2350 3850 2346 3740 2229 3751 2101 3726 2097 3726 2094 3726 2048 3747 2030 3729 2030 3726 2026 3726 2023 3726 2019 3726 2016 3726 2012 3726 1987 3744 1920 3722 1916 3722 1913 3722 1731 3740 1571 3719 1568 3719 1564 3719 1561 3719 1546 3729 1529 3715 1529 3712 1525 3712 1521 3712 1518 3712 1361 3729 1201 3704 1198 3704 1194 3704 1127 3726 1045 3701 1041 3701 1038 3701 942 3719 736 3694 732 3694 515 3712 490 3690 490 3687 487 3687 483 3687 480 3687 476 3687 437 3704 323 3687 323 3804"/></Shape>
            <String CONTENT="fie/ ⁊ cõment noꝰ sommes enfans de"
                    HPOS="320"
                    VPOS="3687"
                    WIDTH="2030"
                    HEIGHT="209"
                    WC="0.9789952857153756"></String>
          </TextLine>
          <TextLine ID="eSc_line_7722fd07"
                    TAGREFS="LT8"
                    BASELINE="316 3953 1731 3992 2346 3992" 
                    HPOS="312"
                    VPOS="3840"
                    WIDTH="2034"
                    HEIGHT="206">
            <Shape><Polygon POINTS="316 3953 312 3989 526 4014 529 4014 654 4000 672 4014 672 4017 675 4017 679 4017 682 4017 1233 4014 1272 4032 1276 4032 1280 4032 1849 4028 1884 4046 1888 4046 1891 4046 2343 4035 2346 3992 2339 3882 2254 3904 2108 3875 2105 3875 2101 3875 2048 3900 1977 3882 1973 3882 1969 3882 1888 3896 1852 3868 1849 3868 1845 3868 1841 3868 1838 3868 1745 3893 1721 3872 1717 3872 1713 3872 1710 3872 1585 3889 1529 3861 1525 3861 1521 3861 1347 3882 1326 3864 1322 3864 1319 3864 1315 3864 974 3875 881 3847 878 3847 874 3847 615 3864 568 3840 565 3840 316 3840 316 3953"/></Shape>
            <String CONTENT="Dieu/ ⁊ cõment nous seruirõs nostre"
                    HPOS="312"
                    VPOS="3840"
                    WIDTH="2034"
                    HEIGHT="206"
                    WC="0.9989315947970828"></String>
          </TextLine>
          <TextLine ID="eSc_line_bd70358d"
                    TAGREFS="LT8"
                    BASELINE="312 4106 2193 4149 2317 4164" 
                    HPOS="304"
                    VPOS="3973"
                    WIDTH="2010"
                    HEIGHT="213">
            <Shape><Polygon POINTS="309 4101 304 4149 2304 4186 2314 4160 2314 4032 1674 4032 1632 4000 1626 4000 1621 4000 1616 4000 1610 4000 1605 4000 1605 4005 1578 4026 1168 4026 874 3984 869 3984 741 4010 309 3973 309 4101"/></Shape>
            <String CONTENT="pere par charite ⁊ comment nous ne"
                    HPOS="304"
                    VPOS="3973"
                    WIDTH="2010"
                    HEIGHT="213"
                    WC="0.9993711289237527"></String>
          </TextLine>
          <TextLine ID="eSc_line_a33aa34b"
                    TAGREFS="LT8"
                    BASELINE="330 4248 2317 4298" 
                    HPOS="320"
                    VPOS="4122"
                    WIDTH="1994"
                    HEIGHT="219">
            <Shape><Polygon POINTS="325 4245 320 4288 2304 4341 2314 4293 2314 4181 325 4122 325 4245"/></Shape>
            <String CONTENT="doubterõs rien de nostre salut a cause"
                    HPOS="320"
                    VPOS="4122"
                    WIDTH="1994"
                    HEIGHT="219"
                    WC="0.9931287612670507"></String>
          </TextLine>
          <TextLine ID="eSc_line_09069539"
                    TAGREFS="LT8"
                    BASELINE="327 4394 2317 4459" 
                    HPOS="320"
                    VPOS="4250"
                    WIDTH="1994"
                    HEIGHT="256">
            <Shape><Polygon POINTS="320 4437 2304 4506 2314 4458 2314 4352 2005 4309 2000 4309 1754 4330 1722 4304 1722 4298 1717 4298 1712 4298 1706 4298 1402 4320 1264 4320 1232 4288 1232 4282 1226 4282 1221 4282 1216 4282 384 4282 336 4250 325 4389 320 4437"/></Shape>
            <String CONTENT="des parolles de Dieu. Et quãd une"
                    HPOS="320"
                    VPOS="4250"
                    WIDTH="1994"
                    HEIGHT="256"
                    WC="0.9998368340380052"></String>
          </TextLine>
          <TextLine ID="eSc_line_d632b73b"
                    TAGREFS="LT8"
                    BASELINE="309 4551 1073 4583 2336 4600" 
                    HPOS="309"
                    VPOS="4437"
                    WIDTH="2027"
                    HEIGHT="227">
            <Shape><Polygon POINTS="309 4551 309 4618 366 4600 444 4625 448 4625 451 4625 682 4604 910 4611 938 4636 942 4636 945 4636 949 4636 1098 4615 1176 4643 1180 4643 1184 4643 1294 4618 1340 4647 1344 4647 1347 4647 1351 4647 1518 4632 1568 4650 1571 4650 1575 4650 1578 4650 1664 4625 1689 4650 1689 4654 1692 4654 1696 4654 1699 4654 1703 4654 1785 4632 1845 4657 1849 4657 1852 4657 1856 4657 1923 4632 2001 4661 2005 4661 2009 4664 2094 4664 2094 4661 2097 4661 2101 4661 2101 4657 2129 4636 2329 4650 2336 4600 2336 4497 1881 4497 1841 4469 1838 4469 1834 4469 1831 4469 1593 4487 1564 4465 1561 4465 1557 4465 1553 4465 1365 4483 1329 4458 1326 4458 1322 4458 1319 4458 1315 4458 1312 4458 1312 4462 1290 4480 1216 4458 1212 4458 1208 4458 1063 4476 1013 4451 1009 4451 1006 4451 849 4472 750 4448 746 4448 743 4448 654 4465 309 4437 309 4551"/></Shape>
            <String CONTENT="personne a ceste esperance/ elle apprẽt"
                    HPOS="309"
                    VPOS="4437"
                    WIDTH="2027"
                    HEIGHT="227"
                    WC="0.9935332491993905"></String>
          </TextLine>
          <TextLine ID="eSc_line_301f81ef"
                    TAGREFS="LT8"
                    BASELINE="305 4696 1208 4739 2321 4753" 
                    HPOS="302"
                    VPOS="4590"
                    WIDTH="2019"
                    HEIGHT="242">
            <Shape><Polygon POINTS="305 4696 302 4746 412 4778 416 4778 419 4778 423 4778 426 4778 451 4757 533 4757 568 4785 568 4789 572 4789 576 4789 579 4789 583 4789 586 4789 622 4760 704 4760 839 4807 842 4807 846 4810 1002 4810 1002 4807 1006 4807 1009 4807 1027 4792 1052 4810 1056 4810 1059 4810 1201 4814 1205 4814 1208 4814 1212 4814 1240 4792 1269 4814 1272 4814 1276 4814 1518 4824 1521 4824 1525 4824 1529 4824 1582 4792 1664 4814 1667 4814 1671 4814 1674 4814 1770 4789 1831 4807 1834 4807 1838 4807 2048 4796 2190 4832 2193 4832 2197 4832 2318 4814 2321 4753 2321 4636 2165 4632 2161 4632 2158 4632 2154 4632 2126 4654 2026 4629 2023 4629 2019 4629 2016 4629 1941 4654 1927 4636 1923 4636 1923 4632 1920 4632 1916 4632 1913 4632 1820 4650 1745 4622 1742 4622 1738 4622 1642 4643 1607 4618 1603 4618 1600 4618 1596 4618 1386 4640 1166 4615 1162 4615 1159 4615 1120 4632 1088 4604 1084 4604 1080 4604 1077 4604 849 4625 743 4597 739 4597 736 4597 732 4597 668 4615 519 4590 515 4590 512 4590 448 4615 305 4593 305 4696"/></Shape>
            <String CONTENT="a porter icy patiemment toute tribula"
                    HPOS="302"
                    VPOS="4590"
                    WIDTH="2019"
                    HEIGHT="242"
                    WC="0.9994906428697947"></String>
          </TextLine>
          <TextLine ID="eSc_line_3785d6d7"
                    TAGREFS="LT8"
                    BASELINE="2325 4298 2325 4298" 
                    HPOS="2325"
                    VPOS="4298"
                    WIDTH="0"
                    HEIGHT="0">
            <String CONTENT=""
                    HPOS="2325"
                    VPOS="4298"
                    WIDTH="0"
                    HEIGHT="0"
                    ></String>
          </TextLine>
        </TextBlock>
        <TextBlock HPOS="1476"
                   VPOS="4776"
                   WIDTH="903"
                   HEIGHT="214"
                   ID="eSc_textblock_fd859e7b"
                   TAGREFS="BT17">
          <Shape><Polygon POINTS="1476 4776 1476 4982 2379 4990 2371 4776"/></Shape>
          <TextLine ID="eSc_line_226f885b"
                    TAGREFS="LT8"
                    BASELINE="1539 4903 2307 4924" 
                    HPOS="1539"
                    VPOS="4775"
                    WIDTH="768"
                    HEIGHT="238">
            <Shape><Polygon POINTS="1539 4903 1539 4984 1628 4942 1756 4942 1838 5002 1841 5002 1845 5002 1849 5002 1852 5002 1920 4974 1955 5006 1955 5009 1959 5009 1962 5009 2090 5013 2094 5013 2097 5013 2172 4981 2222 5006 2225 5006 2229 5006 2233 5006 2236 5006 2304 4960 2307 4924 2307 4814 2073 4789 2069 4789 2065 4789 2062 4789 2005 4835 1934 4835 1838 4782 1834 4782 1831 4782 1827 4782 1824 4782 1774 4828 1678 4828 1625 4778 1625 4775 1621 4775 1617 4775 1539 4775 1539 4903"/></Shape>
            <String CONTENT="A 4 tion"
                    HPOS="1539"
                    VPOS="4775"
                    WIDTH="768"
                    HEIGHT="238"
                    WC="0.9996850565075874"></String>
          </TextLine>
        </TextBlock>
        <TextBlock HPOS="2309"
                   VPOS="4049"
                   WIDTH="459"
                   HEIGHT="214"
                   ID="eSc_textblock_63350196"
                   TAGREFS="BT13">
          <Shape><Polygon POINTS="2309 4049 2309 4263 2768 4263 2768 4049"/></Shape>
          <TextLine ID="eSc_line_b0da3c15"
                    TAGREFS="LT8"
                    BASELINE="2356 4173 2511 4182 2720 4181" 
                    HPOS="2346"
                    VPOS="4053"
                    WIDTH="368"
                    HEIGHT="181">
            <Shape><Polygon POINTS="2405 4053 2352 4053 2352 4170 2346 4234 2709 4213 2714 4176 2704 4074 2421 4053 2405 4053"/></Shape>
            <String CONTENT="Rom.8."
                    HPOS="2346"
                    VPOS="4053"
                    WIDTH="368"
                    HEIGHT="181"
                    WC="0.9999287227789561"></String>
          </TextLine>
        </TextBlock>
        <TextBlock HPOS="2286"
                   VPOS="4347"
                   WIDTH="490"
                   HEIGHT="199"
                   ID="eSc_textblock_6819148e"
                   TAGREFS="BT13">
          <Shape><Polygon POINTS="2294 4347 2286 4546 2776 4531 2776 4347 2348 4347"/></Shape>
          <TextLine ID="eSc_line_d1dbe7e4"
                    TAGREFS="LT8"
                    BASELINE="2348 4451 2716 4472" 
                    HPOS="2341"
                    VPOS="4352"
                    WIDTH="373"
                    HEIGHT="176">
            <Shape><Polygon POINTS="2672 4352 2618 4352 2565 4352 2512 4352 2458 4352 2405 4352 2352 4352 2346 4448 2341 4517 2704 4528 2714 4469 2714 4352 2672 4352"/></Shape>
            <String CONTENT="Rom.5."
                    HPOS="2341"
                    VPOS="4352"
                    WIDTH="373"
                    HEIGHT="176"
                    WC="0.9998823901017507"></String>
          </TextLine>
        </TextBlock>
      </PrintSpace>
    </Page>
  </Layout>
</alto>
