4267 6225
1664 428 357 236 226

2207 435 1551 184 De deux gouuernemens.

1927 591 2042 228 petit nõbre/ ⁊ sont au milieu des n

1920 753 2056 229 Chrestiens/ cõme la rose entre les ess

1920 913 2080 214 nes. Par tout dõc ou regne le gouuo

1917 1065 2093 211 nement mõdain seul/ il ny peut auoir

1920 1217 2073 211 autre chose que faintise: car sans le S

1920 1376 2087 207 Esprit auoir au coeͬ/ ne peut nul estre

1913 1528 2094 211 iuste ne sauue. Et par tout aussi oure

1917 1680 2097 208 gne le gouuernemẽt spirituel seul/ la

1913 1836 2094 211 peruersite y est desbridee ⁊ deslyee poͬ

1906 1985 2094 207 acõplir toute malice. Car le monde n

1913 2147 2084 194 scait entendre le gouuernement spiri¬

1906 2282 2080 197 tuel/ pour ce quil cõbat seulemẽt par le

1920 2413 2070 218 glaiue de lesprit/ leq̃l est la parolle de

1917 2562 1979 218 Dieu, ⁊ ne use de nulle autre espee.

2062 2711 1921 225 Maintenãt uoys tu bien/ dequoy

1917 2866 2062 222 parlent les parolles de nostre Seigñr

1917 3019 2059 214 Iesu Christ/ lesquelles nous auõs ci¬

1899 3174 2053 222 tees dessuz hors du Chapitre u. de S.

1915 3325 2040 223 Matthieu/ ou il est dit q̃ les Chrestiẽs

1899 3482 2070 214 ne traicterõt nul par iustice/ ⁊ quilz ne

1896 3624 2066 225 resisterõt point a mal. Il dit ce seule¬

1889 3783 2066 211 ment de ses chiers Chrestiẽs/ lesquelz

1892 3932 2028 214 seulz le prennẽt a coeur ⁊ le font seulz

1886 4080 2017 225 ainsi. Car ilz sõt ainsi enclins/ ⁊ dispo

1931 4226 1979 228 sez au coeur par le S. Esprit/ quilz ne

1896 4385 2000 256 sont a nul mal ⁊ seuffrent uoluntiers

3595 4599 298 180 mal/

1479 3273 420 270 Mat.5.
