4267 6154
2372 656 151 260 55

926 697 951 195 Chapitre .xuiii.

369 830 2051 246 mes? Pourtãt fault il tout querir au

372 1001 2021 229 coeur ⁊ en lesprit, parquoy on puisse

376 1148 2017 209 estre iustifie. Car les oeuures exterieu

376 1292 2024 229 res que nous faisons sans esprit sont

362 1446 2038 212 aucunesfois appellees chair par Iesu

379 1593 2021 212 Christ en Leuangile/ ⁊ telle chair ne

386 1733 2007 226 proffite riẽ: mais cest lesprit, qui uiui¬

376 1880 2003 215 fie, cõme dit Iesus Christ. Cestadire.

376 2030 2010 219 Toute chose exterieure ⁊ foraine, cõ¬

369 2167 2031 226 biẽ saincte quelle sembse estre, selle ne

389 2335 1997 201 procede desprit rẽply de foy ⁊ charite,

389 2475 2007 195 cestadire, selle nest faicte par charite ⁊

400 2615 2007 198 dilection, ⁊ ioyeusemẽt par lenhort de

396 2762 2011 209 la foy ⁊ fiance quon a en Dieu/ toute

393 2912 2010 195 telle chose ne ꝓuffite rien, mais nuyt

393 3056 2017 205 plustost/ ⁊ fait un hypocrite. Car ueu

396 3203 2000 195 que Dieu est un Esprit, il nayme rien

413 3353 1987 195 fors ce qui ꝓcede de lesprit/ cõme il dit

410 3490 1992 195 mesmes en Leuãgile. Saĩct Paul

406 3644 1997 195 appelle souuentesfoys telles oeuures

406 3794 1994 182 exterieures/ elemẽs/ cestadire cõmen¬

406 3948 2021 182 cemens ⁊ entrees de Chrestiẽte. Cõme

403 4092 2014 188 sil uouloit dire/ que telles choses sont

403 4249 2010 175 ordonnees/ ⁊ instituees pour ceux qui

389 4379 2024 195 cõmencẽt a entreprẽdre la Chrestiẽte/

400 4523 2017 229 cõme les enfans descolle apprennent

2147 4697 266 185 pre¬

2427 1935 369 256 Iehã.6.

2429 3497 384 177 Iehã.4.

2424 3620 389 222 Gal.4.
