4267 6593
2391 593 270 264 N9

843 644 964 213 Chapitre .xiii.

263 802 2182 241 me fist Abraham auec une ferme foy,

274 977 2196 217 sachant certainement que Dieu ne te

274 1120 2185 238 delaissera point. Car Dieu est ton Pe

274 1274 2182 246 re/ et tu es son enfant/ et fault quil fa¬

285 1439 2171 231 ce de toy ce quil luy plaist. Car ueu qͥl

285 1600 2167 224 est tout lon/ il ne te peut faire que

285 1754 2174 223 bien/ ne uouloir autre chose que ton sa

278 1911 2181 220 lut. Nul ne peut auoir une telle

274 2073 2171 219 foy/ sil na ensemble lamour de Dieu.

271 2226 2166 217 Et qui a lamour de dieu/ a accomply

267 2391 2181 198 la loy. Car toutes les escriptures ne

271 2545 2185 224 nous enseignent autre chose/ fors que

285 2692 2156 230 nous aymiõs dieu, ⁊ nostre prochain/

293 2842 2166 223 comme il est escript en S. Matthieu.

289 3003 2178 223 Et nul nest uray Chrestien/ fors ce¬

289 3160 2174 224 luy qui a ceste amour. Car tous au¬

289 3311 2189 223 tres sont plus hypocrites que Chre¬

311 3475 2170 209 stiens. Car toutes bonnes oeuures les¬

333 3629 2141 220 quelles ne sont point faictes par cha¬

326 3790 2152 202 rite/ et de bon uouloir/ sont tous pe¬

329 3948 2156 198 chez deuant Dieu. Comme dit S. Au

329 4087 2139 236 gustin. Qui faict bien contre sa uolũ

307 4246 2161 215 te il faict mal/ iasoit que ce quil faict

340 4420 2156 206 soit bon. Car tout ce que ie faictz con¬

329 4574 2156 194 tre ma uolunte/ ie le hays. Et quand

333 4721 2152 253 ie hays le commande:ment/ ie hays

1633 4862 912 280 H 4 aussi

2485 3117 447 241 Mat.22

2479 4049 435 258 Augusti
