4267 6154
2436 594 194 339 69

1012 724 779 182 Chapitre .ui.

365 875 2000 198 aucunement faire. Car S. Paul noꝰ

372 1029 2011 198 enseigne en plusieurs passaiges, que

369 1186 2003 181 nous sommes iustifiez/ ⁊ auons obte¬

393 1323 1966 191 nu salut par la grace de Dieu/ et non

365 1473 2007 195 point ꝑ noz oeuures, mais ꝑ le moyen

369 1613 1986 195 de nostre Foy. Car cest un dõ de dieu/

352 1764 1996 184 et non point loyer ou gaige poͬ labeͬ:

338 1904 2014 195 affin que nestimons le salut uenir de

333 2035 1990 211 nous. Car saĩct Paul dit/ Quãd noꝰ

333 2189 1990 205 estions mortz a peche/ il nous a uiui¬

359 2338 1969 202 fiez ensẽble auec Christ. Parquoy noꝰ

331 2485 2017 188 ne nous glorifierõs point en noꝰ mes¬

365 2622 1990 195 mes/ mais en Dieu seul. Car dieu ne

362 2765 1969 209 ueult point que le seruions poͬ loyer,

348 2916 2000 195 comme seruans/ mais ueult que lay¬

345 3053 2007 208 mions cõe enfans leur pere/ ⁊ q̃ le ser¬

348 3196 2014 219 uions par charite/ sans rien desirer q̃ a

352 3347 1983 201 luy cõplaire. Car il a mesmes dit a ses

359 3492 1969 210 apostres: Ie ne uous appelle mainte

355 3637 1987 205 nãt point seruiteurs: mais/ amys. Et

355 3781 1987 219 Christ dit par le ꝓphete a son Pere ce¬

343 3907 1985 241 leste/ Ie annonceray toy nom a mes

355 4071 1980 209 freres. Et de rechef a ses apostres. Ne

355 4218 1990 216 uueilles point nõmer aucun pere sur

348 4365 2014 212 terre/ car uous auez un cõmun Pere

348 4523 2004 222 es cieux. Et pourtãt ne nous a Iesus

1500 4680 842 226 E 3 Christ

2354 2020 425 277 Ephe.2.

2348 3487 411 354 Iehã.15.

2348 3953 431 231 Psal.21.
