4267 6254
1667 503 278 226 198

2307 472 1365 215 Denseigner les enfans

1879 646 2127 222 ayder/ ⁊ bien soigner quilz facent un

1883 809 2137 209 bon mariage/ comme Abraham estoit

1900 958 2120 216 soigneux de son filz Isaac. Et pour¬

1893 1118 2127 212 tant que les parens sont souuentes¬

1921 1261 2106 222 foys malsoigneux en ceste partie/ ad¬

1897 1417 2116 212 uient il quil en est si peu qui paruien¬

1893 1566 2127 219 nent chastes a lestat, de mariage/ et q̃

1890 1723 2112 215 leͬs enfans sont souuẽtesfoys deceuz/

1890 1876 2126 222 et quilz ont honte deshonneur ou tri¬

1897 2029 2098 222 stesse a cause de leurs enfans. Et cecy

1886 2192 2109 198 est grandement la coulpe des parens/

1893 2324 2106 212 qͥ sont plꝰ soigneux du corps de leurs

1886 2473 2123 198 enfans q̃ de lame. Et pourtãt ne ueul

1890 2623 2116 208 lent ilz nullement q̃ leurs enfans ayẽt

1893 2779 2109 198 paourete: mais quierẽt plustost de les

1897 2935 2095 202 marier richement que salutairement/

1897 3085 2105 180 et demandent plus apres les biẽs tem

1914 3234 2068 209 porelz/ quil ne font pour les uertuz/

1900 3391 2099 180 bonnes meurs/ ⁊ biens spirituelz. Et

1911 3536 2081 205 pour les faire auoir le bon tẽps/ ilz les

1914 3693 2068 205 font souuent prebstres ou religieux/ ⁊

1907 3842 2064 195 ainsi pour les pourueoir de laisement

1914 3988 2050 205 du corps il sont souuẽtesfoys cause de

1918 4145 2043 191 la peine eternelle de lame. Car nul ne

1921 4290 2040 205 se deburoit ingerer dentrer en quelque

1918 4443 2039 244 estat si ne le cõgnoyt estre selon Dieu

3617 4600 340 208 et que
