4267 6358
1635 586 297 233 16o

2479 579 897 194 Des moines.

1868 759 2144 198 oncques chose ne leur a tant desagree

1875 914 2144 202 que diuisiõ, schismes ⁊ dissentiõs, ius¬

1875 1073 2155 195 que la, que Christ a plus rudemẽt re¬

1868 1218 2155 201 dargue les autheurs pharisiens, que

1868 1381 2155 197 nulz autres pecheurs: pourtant quilz

1879 1522 2147 219 estoynt fardez ⁊ masq̃z semblãs estre

1879 1684 2140 205 bõs ⁊ decorez de toute saĩctete, au lieu

1868 1843 2155 202 de quoy (ainsi que les nostres de pre¬

1872 1988 2137 216 sent) ilz auoynt enuie, rancune, hypo¬

1875 2151 2127 197 crisie, hayne, orgueil ⁊ toꝰ les maux

1868 2295 2148 198 que on peut dire, pourtant sen fault il

1868 2444 2144 198 retirer selõ q̃ cõseille S. Paul disant.

2014 2617 1982 159 Nous uous commandons freres

1868 2751 2134 177 par le nom de Iesu Christ, que uous

1882 2899 2127 191 uous eslongnez de tout frere, lequel

1879 3048 2119 191 se maintient ⁊ gouuerne desordonne¬

1875 3203 2120 194 ment, ⁊ point selon linstitution quil a

1879 3355 2105 187 receu de nous. Et aux Corinthiẽs. Si

1875 3500 2112 194 celuy qui est appelle frere entre uous

1872 3655 2105 198 est fornicateur, ou auaricieux, ou ydo

1875 3814 2095 184 latre, ou detracteur, ou yurongne, ou

1872 3959 2073 198 rapineur, auec un tel ne prenez point

1882 4107 2049 195 de uiande ne refection. Dieu n

1847 4256 2063 198 nous a point appelle pour uiure en

1865 4415 2034 219 noise et dissention: mais en paix et

1879 4574 505 187 amour.

3507 4704 396 205 ¶ Des

1436 2580 440 212 2.Thes.

1578 2772 128 163 u.

1458 3443 375 226 1.Cor.5.
