4267 6817
1720 640 152 208 18

2607 636 875 212 Du baptesme

1872 810 2228 235 la chair/ ⁊ silz ne reputent point ceste

1879 977 2202 219 uie pour une uie/ mais attẽdent dun

1875 1139 2210 216 coeur ioyeux/ laduenement de nostre

1875 1295 2210 223 Seigneur Iesus Christ/ ⁊ alors sera

1864 1458 2213 204 leur uie manifestee ⁊ apparoistra de¬

1864 1620 2209 213 uant Dieu. Ainsi debuons noꝰ ui¬

1864 1779 2202 216 ure tous icy/ comme si ceste uie ne fust

1856 1939 2202 189 point nostre uie. Car nous la debuõs

1853 2090 2209 208 attẽdre auec Dieu. Et ne faire aultre

1856 2264 2198 205 chose en ceste uie que guerroyer cõtre

1849 2423 2205 212 noz mauluais desirs/ et apprendre a

1835 2556 2182 238 mourir. Car (cõe dit le ꝓphete Iob)

1849 2719 2205 235 La uie de lhõe est une guerre sur ter¬

1841 2882 2209 223 re/ cestadire/ une guerre en une mort

1845 3037 2187 227 spirituelle. Et promettons de ce faire

1837 3200 2198 219 quand nous sommes baptisez/ ⁊ le si¬

1837 3363 2183 223 gnifions quand nous sommes plon¬

1830 3518 981 201 gez soubz leaue.

1981 3669 1876 224 ¶ Quelle chose signifie le ba¬

1974 3836 1860 227 ptesme ⁊ comment ce nest quun

1971 3970 1415 250 signe. Chap̃.ii.

2194 4154 1769 212 Uãd donc nous sommes bapti

2193 4294 1772 222 sez/ il nous fault certainement

1803 4472 2141 209 scauoir ⁊ croire q̃ tous noz pechez noꝰ

1796 4624 2156 216 sont pardonnez/ ⁊ que sommes faictz

1781 4779 2171 242 enfans de Dieu. Car Dieu est faict

1812 4152 369 335 Q

3554 4965 394 238 nostre

1471 2550 330 267 Iob.7.
