<?xml version="1.0" encoding="UTF-8"?>
<alto xmlns:xsi="http://www.w3.org/2001/XMLSchema-instance"
      xmlns="http://www.loc.gov/standards/alto/ns-v4#"
      xsi:schemaLocation="http://www.loc.gov/standards/alto/ns-v4# http://www.loc.gov/standards/alto/v4/alto-4-2.xsd">
  <Description>
    <MeasurementUnit>pixel</MeasurementUnit>
    <sourceImageInformation>
      <fileName>La_somme_de_lescripture_saincte_...Luther_Martin_bpt6k328613m.pdf_page_156.png</fileName>
      <fileIdentifier>pdf//La_somme_de_lescripture_saincte_...Luther_Martin_bpt6k328613m.pdf</fileIdentifier>
    </sourceImageInformation>
  </Description>
  <Tags>
    <OtherTag ID="BT7" LABEL="CustomZone" DESCRIPTION="block type CustomZone"/><OtherTag ID="BT8" LABEL="DamageZone" DESCRIPTION="block type DamageZone"/><OtherTag ID="BT9" LABEL="DigitizationArtefactZone" DESCRIPTION="block type DigitizationArtefactZone"/><OtherTag ID="BT10" LABEL="DropCapitalZone" DESCRIPTION="block type DropCapitalZone"/><OtherTag ID="BT11" LABEL="GraphicZone" DESCRIPTION="block type GraphicZone"/><OtherTag ID="BT12" LABEL="MainZone" DESCRIPTION="block type MainZone"/><OtherTag ID="BT13" LABEL="MarginTextZone" DESCRIPTION="block type MarginTextZone"/><OtherTag ID="BT14" LABEL="MusicZone" DESCRIPTION="block type MusicZone"/><OtherTag ID="BT15" LABEL="NumberingZone" DESCRIPTION="block type NumberingZone"/><OtherTag ID="BT17" LABEL="QuireMarksZone" DESCRIPTION="block type QuireMarksZone"/><OtherTag ID="BT18" LABEL="RunningTitleZone" DESCRIPTION="block type RunningTitleZone"/><OtherTag ID="BT19" LABEL="SealZone" DESCRIPTION="block type SealZone"/><OtherTag ID="BT20" LABEL="StampZone" DESCRIPTION="block type StampZone"/><OtherTag ID="BT21" LABEL="TableZone" DESCRIPTION="block type TableZone"/><OtherTag ID="BT22" LABEL="TitlePageZone" DESCRIPTION="block type TitlePageZone"/><OtherTag ID="BT3120" LABEL="text" DESCRIPTION="block type text"/>
    <OtherTag ID="LT7" LABEL="CustomLine" DESCRIPTION="line type CustomLine"/><OtherTag ID="LT8" LABEL="DefaultLine" DESCRIPTION="line type DefaultLine"/><OtherTag ID="LT9" LABEL="DropCapitalLine" DESCRIPTION="line type DropCapitalLine"/><OtherTag ID="LT10" LABEL="HeadingLine" DESCRIPTION="line type HeadingLine"/><OtherTag ID="LT11" LABEL="InterlinearLine" DESCRIPTION="line type InterlinearLine"/><OtherTag ID="LT12" LABEL="MusicLine" DESCRIPTION="line type MusicLine"/><OtherTag ID="LT958" LABEL="default" DESCRIPTION="line type default"/>
  </Tags>
  <Layout>
    <Page WIDTH="4267"
          HEIGHT="6358"
          PHYSICAL_IMG_NR="155"
          ID="eSc_dummypage_">
      <PrintSpace HPOS="0"
                  VPOS="0"
                  WIDTH="4267"
                  HEIGHT="6358">
        <TextBlock HPOS="1658"
                   VPOS="553"
                   WIDTH="350"
                   HEIGHT="229"
                   ID="eSc_textblock_7dbb28b2"
                   TAGREFS="BT15">
          <Shape><Polygon POINTS="1658 553 1658 782 2008 782 2008 553"/></Shape>
          <TextLine ID="eSc_line_bdeedb21"
                    TAGREFS="LT8"
                    BASELINE="1716 731 1967 738" 
                    HPOS="1713"
                    VPOS="582"
                    WIDTH="254"
                    HEIGHT="308">
            <Shape><Polygon POINTS="1963 611 1928 600 1857 600 1850 589 1822 586 1797 582 1716 593 1716 596 1716 731 1713 886 1762 872 1819 890 1822 890 1826 890 1829 890 1833 890 1918 826 1960 826 1967 738 1963 611 1963 611"/></Shape>
            <String CONTENT="152"
                    HPOS="1713"
                    VPOS="582"
                    WIDTH="254"
                    HEIGHT="308"
                    ></String>
          </TextLine>
        </TextBlock>
        <TextBlock HPOS="2496"
                   VPOS="553"
                   WIDTH="928"
                   HEIGHT="265"
                   ID="eSc_textblock_56ec2f23"
                   TAGREFS="BT18">
          <Shape><Polygon POINTS="2496 553 2496 818 3424 818 3424 553"/></Shape>
          <TextLine ID="eSc_line_6e852897"
                    TAGREFS="LT10"
                    BASELINE="2532 741 3383 741" 
                    HPOS="2532"
                    VPOS="607"
                    WIDTH="851"
                    HEIGHT="219">
            <Shape><Polygon POINTS="3352 646 3133 646 3111 625 3097 625 3062 625 3055 621 3002 642 2960 621 2956 621 2935 618 2892 632 2847 614 2815 614 2808 614 2769 635 2702 611 2673 611 2638 611 2617 607 2532 607 2532 741 2532 823 2628 815 2631 815 2635 815 2698 773 2991 773 3069 826 3073 826 3076 826 3080 826 3083 826 3122 808 3380 826 3383 741 3373 667 3352 646"/></Shape>
            <String CONTENT="Des moines."
                    HPOS="2532"
                    VPOS="607"
                    WIDTH="851"
                    HEIGHT="219"
                    WC="0.9999742128632285"></String>
          </TextLine>
        </TextBlock>
        <TextBlock HPOS="1767"
                   VPOS="782"
                   WIDTH="2326"
                   HEIGHT="4026"
                   ID="eSc_textblock_a3933747"
                   TAGREFS="BT12">
          <Shape><Polygon POINTS="1887 782 1767 4771 4003 4808 4093 830"/></Shape>
          <TextLine ID="eSc_line_ffc87eea"
                    TAGREFS="LT8"
                    BASELINE="1925 893 2801 907 4016 967" 
                    HPOS="1921"
                    VPOS="752"
                    WIDTH="2095"
                    HEIGHT="268">
            <Shape><Polygon POINTS="4009 858 3973 854 3938 851 3903 847 3867 840 3846 847 3832 837 3832 837 3797 833 3786 830 3772 844 3574 819 3571 819 3274 826 3168 791 3164 791 2903 780 2900 780 2896 780 2832 808 2790 787 2786 787 2783 787 2779 787 2737 805 2550 801 2507 766 2504 766 2500 766 2341 759 2076 752 2073 752 1925 773 1925 893 1921 918 1967 939 1971 939 1974 939 2098 928 2154 957 2158 957 2352 960 2356 960 2359 960 2416 936 2454 967 2458 967 2462 967 2465 967 2469 967 2525 939 2546 960 2546 964 2550 964 2553 964 2557 964 2560 964 2620 943 2843 950 2864 971 2868 971 2871 971 2875 971 2991 957 3080 992 3083 992 3309 999 3313 999 3419 974 3454 1003 3454 1006 3458 1006 3461 1006 3465 1006 3588 992 3670 1013 3673 1013 3677 1013 3800 989 3874 1020 3878 1020 3881 1020 4012 1017 4016 967 4016 858 4009 858"/></Shape>
            <String CONTENT="iadiz faisoyent S. Francoys, ou S."
                    HPOS="1921"
                    VPOS="752"
                    WIDTH="2095"
                    HEIGHT="268"
                    WC="0.9930083681555355"></String>
          </TextLine>
          <TextLine ID="eSc_line_9ec62a58"
                    TAGREFS="LT8"
                    BASELINE="1928 1049 2670 1056 4030 1109" 
                    HPOS="1925"
                    VPOS="914"
                    WIDTH="2105"
                    HEIGHT="251">
            <Shape><Polygon POINTS="1928 1049 1925 1091 2101 1077 2243 1109 2246 1109 2250 1109 2253 1109 2253 1105 2278 1084 2490 1084 2599 1123 2603 1123 2606 1123 2804 1098 2832 1126 2832 1130 2836 1130 2839 1130 2843 1133 2896 1133 2896 1130 2900 1130 2903 1130 2903 1126 2931 1102 2988 1130 2991 1130 2995 1130 2998 1130 3055 1112 3083 1137 3087 1137 3090 1137 3094 1137 3097 1137 3164 1112 3295 1130 3299 1130 3369 1116 3606 1155 3609 1155 3698 1140 4023 1165 4030 1109 4030 1010 3715 1003 3705 985 3701 985 3701 981 3698 981 3694 981 3691 981 3602 996 3585 974 3581 974 3581 971 3578 971 3574 971 3571 971 3567 971 3564 971 3539 992 3359 971 3355 971 3352 971 3295 985 3253 964 3249 964 3246 964 3161 978 3119 957 3115 957 3111 957 3108 957 3104 957 3076 978 3037 946 3034 946 3030 946 3027 946 2900 971 2829 939 2825 939 2822 939 2610 964 2550 936 2546 936 2543 936 2430 943 2391 925 2387 925 2384 925 2175 950 2062 914 2059 914 2055 914 1928 914 1928 1049"/></Shape>
            <String CONTENT="Benoit lesquelz ilz prennent pour pa"
                    HPOS="1925"
                    VPOS="914"
                    WIDTH="2105"
                    HEIGHT="251"
                    WC="0.9900228877862295"></String>
          </TextLine>
          <TextLine ID="eSc_line_74489958"
                    TAGREFS="LT8"
                    BASELINE="1925 1197 3383 1229 4040 1264" 
                    HPOS="1921"
                    VPOS="1073"
                    WIDTH="2119"
                    HEIGHT="233">
            <Shape><Polygon POINTS="1925 1197 1921 1246 2034 1257 2038 1257 2041 1257 2087 1232 2112 1250 2115 1250 2119 1250 2122 1250 2221 1236 2483 1271 2486 1271 2610 1246 2726 1246 2751 1275 2751 1278 2755 1278 2758 1278 2762 1278 2998 1257 3143 1285 3147 1285 3150 1285 3235 1264 3292 1292 3295 1292 3299 1292 3302 1292 3380 1271 3405 1292 3405 1296 3408 1296 3412 1296 3415 1296 3567 1275 3705 1303 3708 1306 4037 1306 4040 1264 4040 1158 3783 1155 3715 1119 3712 1119 3708 1119 3705 1119 3652 1147 3486 1119 3482 1119 3419 1133 3401 1112 3398 1112 3398 1109 3394 1109 3390 1109 3387 1109 3207 1112 3203 1112 3154 1133 3080 1102 3076 1102 3073 1102 2868 1123 2825 1094 2822 1094 2818 1094 2815 1094 2811 1094 2730 1116 2702 1094 2698 1094 2695 1094 2691 1094 2688 1094 2684 1094 2649 1116 2356 1080 2352 1080 2348 1080 2288 1105 2190 1080 2186 1080 2182 1080 2066 1102 2023 1073 2020 1073 2016 1073 2013 1073 1925 1091 1925 1197"/></Shape>
            <String CONTENT="trons. Iasoit qͥ ne les ensuyuent pas:"
                    HPOS="1921"
                    VPOS="1073"
                    WIDTH="2119"
                    HEIGHT="233"
                    ></String>
          </TextLine>
          <TextLine ID="eSc_line_0b722a0d"
                    TAGREFS="LT8"
                    BASELINE="1928 1349 4051 1405" 
                    HPOS="1925"
                    VPOS="1239"
                    WIDTH="2126"
                    HEIGHT="226">
            <Shape><Polygon POINTS="1928 1349 1925 1381 2175 1388 2193 1416 2197 1416 2197 1419 2200 1419 2204 1419 2207 1419 2582 1402 2620 1430 2624 1430 2628 1430 2631 1430 2635 1430 2638 1430 2666 1409 2748 1434 2751 1434 2755 1434 2981 1412 3009 1437 3009 1441 3013 1441 3016 1441 3020 1441 3143 1419 3182 1444 3186 1444 3189 1444 3193 1444 3330 1427 3412 1451 3415 1451 3419 1451 3422 1451 3514 1427 3595 1448 3599 1448 3602 1448 3701 1437 3783 1462 3786 1462 3790 1462 3793 1462 3850 1444 4044 1465 4051 1405 4051 1310 3525 1264 3521 1264 3518 1264 3454 1292 3369 1275 3366 1275 3362 1275 3359 1275 3341 1289 3263 1257 3260 1257 3256 1257 3005 1282 2864 1246 2861 1246 2857 1246 2854 1246 2786 1275 2730 1250 2726 1250 2723 1250 2606 1261 2592 1243 2589 1243 2589 1239 2585 1239 2582 1239 2578 1239 2405 1243 2401 1243 2398 1243 2377 1261 2281 1243 2278 1243 1928 1250 1928 1349"/></Shape>
            <String CONTENT="car on peut penser quilz ont este gens"
                    HPOS="1925"
                    VPOS="1239"
                    WIDTH="2126"
                    HEIGHT="226"
                    WC="0.9517774346627688"></String>
          </TextLine>
          <TextLine ID="eSc_line_6fffbc59"
                    TAGREFS="LT8"
                    BASELINE="1925 1501 4047 1561" 
                    HPOS="1921"
                    VPOS="1370"
                    WIDTH="2126"
                    HEIGHT="247">
            <Shape><Polygon POINTS="1925 1501 1921 1525 2059 1532 2087 1561 2087 1564 2091 1564 2094 1564 2098 1564 2260 1540 2444 1543 2543 1578 2546 1578 2550 1578 2917 1568 2967 1585 2970 1585 2974 1585 2977 1585 3030 1561 3066 1593 3069 1593 3073 1593 3306 1596 3309 1596 3313 1596 3412 1571 3525 1571 3595 1607 3599 1607 3602 1607 3606 1607 3680 1582 3733 1600 3737 1600 3740 1600 3744 1600 3790 1582 3836 1610 3839 1610 3843 1610 3846 1610 3850 1610 3853 1610 3889 1585 3931 1617 3934 1617 3938 1617 3942 1617 4044 1596 4047 1561 4047 1462 3836 1437 3832 1437 3828 1437 3800 1451 3673 1416 3670 1416 3666 1416 3662 1416 3567 1441 3539 1416 3539 1412 3535 1412 3532 1412 3475 1412 3472 1412 3468 1412 3465 1412 3426 1444 3359 1409 3355 1409 3352 1409 3175 1437 2903 1395 2900 1395 2896 1395 2801 1427 2712 1405 2709 1405 2705 1405 2702 1405 2659 1419 2557 1384 2553 1384 2550 1384 2239 1405 2179 1374 2175 1374 2172 1374 2168 1374 2101 1405 2013 1405 1967 1370 1963 1370 1960 1370 1956 1370 1953 1370 1949 1370 1925 1381 1925 1501"/></Shape>
            <String CONTENT="de grande simplicite, pour laq̃lle ie ne"
                    HPOS="1921"
                    VPOS="1370"
                    WIDTH="2126"
                    HEIGHT="247"
                    WC="0.9993086650967598"></String>
          </TextLine>
          <TextLine ID="eSc_line_e02555b9"
                    TAGREFS="LT8"
                    BASELINE="1910 1653 4037 1713" 
                    HPOS="1907"
                    VPOS="1522"
                    WIDTH="2130"
                    HEIGHT="247">
            <Shape><Polygon POINTS="1910 1653 1907 1698 2483 1698 2511 1720 2511 1723 2514 1723 2518 1723 2522 1723 2525 1723 2529 1723 2550 1709 2620 1730 2624 1730 2628 1730 2631 1730 2635 1730 2663 1709 2698 1734 2702 1734 2705 1734 2709 1734 2712 1734 2779 1709 2822 1737 2825 1737 2829 1737 2832 1737 3161 1730 3179 1744 3179 1748 3182 1748 3186 1748 3189 1748 3313 1723 3366 1744 3369 1744 3373 1744 3376 1744 3380 1744 3408 1723 3447 1755 3451 1755 3454 1755 3458 1755 3747 1734 3779 1762 3779 1766 3783 1766 3786 1766 3790 1766 3793 1766 3874 1737 4030 1769 4037 1713 4037 1617 3850 1607 3786 1575 3783 1575 3779 1575 3776 1575 3691 1603 3606 1575 3602 1575 3599 1575 3595 1575 3535 1600 3415 1564 3412 1564 3408 1564 3161 1589 3009 1554 3005 1554 3002 1554 2900 1578 2500 1571 2458 1540 2454 1540 2451 1540 2447 1540 2331 1564 2285 1532 2281 1532 2278 1532 2274 1532 2062 1557 2013 1525 2009 1525 2006 1525 1910 1522 1910 1653"/></Shape>
            <String CONTENT="les loue: ne ne canõize poĩt poͬ ce q̃ nen"
                    HPOS="1907"
                    VPOS="1522"
                    WIDTH="2130"
                    HEIGHT="247"
                    WC="0.9895068203861063"></String>
          </TextLine>
          <TextLine ID="eSc_line_8c645354"
                    TAGREFS="LT8"
                    BASELINE="1918 1804 4033 1865" 
                    HPOS="1914"
                    VPOS="1681"
                    WIDTH="2119"
                    HEIGHT="229">
            <Shape><Polygon POINTS="1918 1804 1914 1836 2048 1868 2052 1868 2151 1847 2412 1875 2416 1875 2522 1857 2557 1882 2560 1882 2564 1882 2567 1882 2571 1882 2659 1861 2702 1879 2705 1879 2709 1879 3090 1879 3108 1893 3108 1896 3111 1896 3115 1896 3119 1896 3256 1879 3281 1900 3281 1903 3285 1903 3288 1903 3292 1903 3390 1886 3433 1907 3436 1907 3440 1907 3443 1907 3447 1907 3447 1903 3465 1886 3532 1910 3535 1910 3539 1910 4030 1907 4033 1865 4030 1751 3920 1759 3871 1727 3867 1727 3864 1727 3860 1727 3857 1727 3800 1744 3786 1727 3783 1727 3783 1723 3779 1723 3776 1723 3705 1723 3701 1723 3698 1723 3694 1723 3662 1751 3620 1720 3617 1720 3613 1720 3539 1716 3535 1716 3532 1716 3472 1744 3419 1713 3415 1713 3412 1713 3408 1713 3405 1713 3401 1713 3401 1716 3369 1744 3306 1744 2741 1727 2691 1695 2688 1695 2684 1695 2681 1695 2677 1695 2599 1716 2416 1684 2207 1681 2204 1681 2200 1681 2197 1681 2197 1684 2172 1706 2091 1681 2087 1681 2084 1681 1918 1684 1918 1804"/></Shape>
            <String CONTENT="dit riẽ lescripture: mais plustost sont"
                    HPOS="1914"
                    VPOS="1681"
                    WIDTH="2119"
                    HEIGHT="229"
                    WC="0.9884110748767853"></String>
          </TextLine>
          <TextLine ID="eSc_line_1e8f4d3a"
                    TAGREFS="LT8"
                    BASELINE="1910 1960 4023 2013" 
                    HPOS="1907"
                    VPOS="1829"
                    WIDTH="2116"
                    HEIGHT="244">
            <Shape><Polygon POINTS="1910 1960 1907 1988 2027 2020 2031 2020 2133 1999 2433 2023 2437 2023 2589 2009 2628 2038 2631 2038 2635 2038 2638 2038 2878 2013 3037 2048 3041 2048 3256 2023 3458 2059 3461 2059 3465 2059 3542 2031 3768 2055 3772 2055 3776 2055 3832 2038 3885 2069 3889 2069 3892 2069 3896 2073 4019 2073 4023 2013 4023 1900 3952 1882 3949 1882 3945 1882 3942 1882 3938 1882 3913 1903 3761 1903 3737 1879 3737 1875 3733 1875 3730 1875 3726 1875 3723 1875 3670 1896 3581 1875 3578 1875 3574 1875 3571 1875 3514 1893 3493 1872 3489 1872 3486 1872 3482 1872 3387 1889 3097 1886 3041 1857 3037 1857 3034 1857 3030 1857 2945 1879 2882 1854 2878 1854 2875 1854 2762 1875 2702 1850 2698 1850 2695 1850 2447 1861 2401 1843 2398 1843 2394 1843 2391 1843 2338 1865 2204 1865 1910 1829 1910 1960"/></Shape>
            <String CONTENT="dignes ð blasme destre autheͬs de telz"
                    HPOS="1907"
                    VPOS="1829"
                    WIDTH="2116"
                    HEIGHT="244"
                    WC="0.9780771073542143"></String>
          </TextLine>
          <TextLine ID="eSc_line_0e41e235"
                    TAGREFS="LT8"
                    BASELINE="1914 2119 4026 2165" 
                    HPOS="1910"
                    VPOS="1988"
                    WIDTH="2116"
                    HEIGHT="237">
            <Shape><Polygon POINTS="1914 2119 1910 2172 2391 2193 2394 2193 2398 2193 2444 2168 2486 2197 2490 2197 2493 2197 2497 2197 2500 2197 2504 2197 2539 2168 2719 2168 2839 2175 2882 2207 2885 2207 2889 2207 2892 2211 2988 2211 2988 2207 2991 2207 2995 2207 2995 2204 3023 2179 3168 2200 3171 2200 3330 2186 3398 2207 3401 2207 3405 2207 3408 2207 3461 2189 3539 2221 3542 2221 3768 2225 3772 2225 3776 2225 3860 2200 3881 2221 3885 2221 3889 2221 3892 2221 3896 2221 3931 2207 4019 2225 4026 2165 4026 2066 3758 2062 3684 2020 3680 2020 3613 2020 3609 2020 3606 2020 3539 2055 3436 2055 3373 2013 3369 2013 3366 2013 3302 2013 3299 2013 3295 2013 3228 2048 2960 2045 2885 2002 2882 2002 2878 2002 2642 2034 2606 2009 2603 2009 2599 2009 2596 2009 2592 2009 2507 2031 2409 1992 2405 1992 2401 1992 2398 1992 2394 1992 2352 2031 2285 2031 2221 1988 2218 1988 2214 1988 2211 1988 1914 1988 1914 2119"/></Shape>
            <String CONTENT="schismatiques. Et pourtãt quil y en¬"
                    HPOS="1910"
                    VPOS="1988"
                    WIDTH="2116"
                    HEIGHT="237"
                    WC="0.9838026472040124"></String>
          </TextLine>
          <TextLine ID="eSc_line_51f6cfaf"
                    TAGREFS="LT8"
                    BASELINE="1900 2264 4009 2317" 
                    HPOS="1896"
                    VPOS="2147"
                    WIDTH="2113"
                    HEIGHT="230">
            <Shape><Polygon POINTS="1900 2264 1896 2303 2348 2327 2352 2327 2454 2313 2486 2334 2490 2334 2493 2334 2497 2334 2500 2334 2504 2334 2504 2331 2522 2317 2635 2334 2638 2334 2733 2320 2758 2345 2758 2348 2762 2348 2765 2348 2882 2352 3073 2355 3076 2355 3080 2355 3083 2355 3111 2334 3306 2363 3309 2363 3701 2348 3726 2370 3726 2373 3730 2373 3733 2373 3737 2373 3864 2348 3906 2377 3910 2377 3913 2377 3917 2377 4005 2373 4009 2317 4009 2214 3987 2197 3984 2197 3980 2197 3977 2197 3973 2197 3899 2218 3595 2214 3546 2186 3542 2186 3539 2186 3309 2204 3260 2179 3256 2179 3253 2179 3076 2197 3030 2172 3027 2172 3023 2172 2917 2193 2889 2172 2889 2168 2885 2168 2882 2168 2878 2168 2628 2186 2539 2165 2536 2165 2532 2165 2529 2165 2490 2179 2469 2158 2465 2158 2462 2158 2458 2158 2331 2179 2260 2158 2257 2158 2253 2158 2137 2172 1949 2147 1946 2147 1942 2147 1900 2161 1900 2264"/></Shape>
            <String CONTENT="trent mal: tant sen fault quilz ne ꝓuf¬"
                    HPOS="1896"
                    VPOS="2147"
                    WIDTH="2113"
                    HEIGHT="230"
                    WC="0.9784313883536901"></String>
          </TextLine>
          <TextLine ID="eSc_line_336a509d"
                    TAGREFS="LT8"
                    BASELINE="1903 2423 4012 2472" 
                    HPOS="1900"
                    VPOS="2295"
                    WIDTH="2112"
                    HEIGHT="237">
            <Shape><Polygon POINTS="1903 2423 1900 2483 2020 2486 2023 2486 2027 2486 2031 2486 2052 2465 2133 2490 2137 2490 2140 2490 2281 2479 2373 2497 2377 2497 2380 2497 2454 2472 2635 2493 2638 2493 2949 2483 3023 2511 3027 2511 3030 2511 3373 2504 3401 2522 3405 2522 3408 2522 3412 2525 3521 2525 3521 2522 3525 2522 3528 2522 3557 2497 3708 2529 3712 2529 3853 2504 3945 2532 3949 2532 3952 2532 3956 2532 4009 2507 4012 2472 4012 2359 3973 2345 3970 2345 3966 2345 3963 2345 3878 2366 3846 2341 3846 2338 3843 2338 3839 2338 3836 2338 3698 2359 3627 2334 3624 2334 3620 2334 3617 2334 3560 2359 3408 2327 3405 2327 3285 2352 3260 2327 3260 2324 3256 2324 3253 2324 3249 2324 3111 2348 3041 2327 3037 2327 3034 2327 3030 2327 2981 2345 2571 2338 2536 2310 2532 2310 2529 2310 2525 2310 2522 2310 2518 2310 2493 2331 2447 2306 2444 2306 2440 2306 2437 2306 2391 2331 2267 2331 2211 2299 2207 2299 2204 2299 2084 2317 2023 2295 2020 2295 2016 2295 1903 2303 1903 2423"/></Shape>
            <String CONTENT="fitent, que dautant quilz y sont plꝰ lõ"
                    HPOS="1900"
                    VPOS="2295"
                    WIDTH="2112"
                    HEIGHT="237"
                    WC="0.9970026224851608"></String>
          </TextLine>
          <TextLine ID="eSc_line_a9394c54"
                    TAGREFS="LT8"
                    BASELINE="1893 2567 2557 2574 4005 2624" 
                    HPOS="1889"
                    VPOS="2444"
                    WIDTH="2116"
                    HEIGHT="229">
            <Shape><Polygon POINTS="1893 2567 1889 2606 2119 2596 2246 2624 2250 2624 2514 2610 2991 2620 3140 2649 3143 2649 3232 2635 3295 2656 3299 2656 3302 2656 3408 2638 3574 2663 3691 2666 3694 2666 3698 2666 3701 2666 3701 2663 3723 2645 3889 2673 3892 2673 4002 2663 4005 2624 4005 2525 3892 2497 3889 2497 3885 2497 3768 2522 3698 2522 3659 2490 3655 2490 3652 2490 3648 2490 3302 2507 3171 2479 3168 2479 3069 2500 3009 2472 3005 2472 2712 2461 2709 2461 2620 2479 2412 2454 2409 2454 2405 2454 2359 2479 2246 2479 2126 2454 2122 2454 2020 2469 1985 2444 1981 2444 1978 2444 1974 2444 1971 2444 1893 2465 1893 2567"/></Shape>
            <String CONTENT="guement, dautãt deuiennent ilz plus"
                    HPOS="1889"
                    VPOS="2444"
                    WIDTH="2116"
                    HEIGHT="229"
                    WC="0.9942611522144742"></String>
          </TextLine>
          <TextLine ID="eSc_line_66069a24"
                    TAGREFS="LT8"
                    BASELINE="1889 2709 2592 2719 3984 2783" 
                    HPOS="1886"
                    VPOS="2574"
                    WIDTH="2098"
                    HEIGHT="272">
            <Shape><Polygon POINTS="1889 2709 1886 2758 2052 2772 2055 2772 2059 2772 2062 2772 2098 2744 2140 2776 2144 2776 2147 2776 2151 2776 2154 2776 2158 2776 2158 2772 2182 2748 2366 2748 2426 2748 2465 2786 2465 2790 2469 2790 2472 2790 2476 2790 2582 2772 2744 2801 2748 2801 2751 2801 2755 2801 2815 2765 3005 2790 3009 2790 3263 2783 3352 2825 3355 2825 3359 2825 3532 2793 3631 2836 3634 2836 3638 2836 3641 2836 3698 2818 3740 2839 3744 2839 3977 2846 3984 2783 3984 2680 3472 2666 3436 2631 3436 2627 3433 2627 3429 2627 3359 2624 3355 2624 3352 2624 3348 2624 3309 2656 3193 2656 3168 2627 3168 2624 3164 2624 3161 2624 3090 2613 3087 2613 2914 2642 2868 2606 2864 2606 2861 2606 2733 2599 2730 2599 2726 2599 2659 2617 2550 2592 2476 2592 2472 2592 2469 2592 2465 2592 2433 2620 2377 2603 2373 2603 2370 2603 2267 2613 2108 2574 2105 2574 2101 2574 1889 2599 1889 2709"/></Shape>
            <String CONTENT="lasches a bien faire. Car estre oyseux,"
                    HPOS="1886"
                    VPOS="2574"
                    WIDTH="2098"
                    HEIGHT="272"
                    WC="0.9998082656126756"></String>
          </TextLine>
          <TextLine ID="eSc_line_97ed3bd2"
                    TAGREFS="LT8"
                    BASELINE="1879 2857 2635 2868 4005 2935" 
                    HPOS="1875"
                    VPOS="2730"
                    WIDTH="2130"
                    HEIGHT="268">
            <Shape><Polygon POINTS="1875 2885 1974 2885 2094 2924 2098 2924 2101 2924 2235 2896 2267 2928 2267 2931 2271 2931 2274 2931 2278 2935 2363 2935 2363 2931 2366 2931 2370 2931 2401 2903 2451 2921 2454 2921 2458 2921 2596 2910 2635 2942 2635 2945 2638 2945 2642 2945 2645 2945 2649 2945 2758 2917 3020 2924 3083 2963 3087 2963 3090 2963 3224 2970 3228 2970 3232 2970 3235 2970 3277 2938 3390 2960 3394 2960 3398 2960 3443 2945 3482 2977 3482 2981 3486 2981 3489 2981 3655 2988 3659 2988 3662 2988 3737 2963 3825 2995 3828 2995 3832 2998 3938 2998 3938 2995 3942 2995 4002 2963 4005 2935 4005 2829 3779 2829 3694 2797 3691 2797 3687 2797 3684 2797 3638 2818 3454 2818 3436 2801 3436 2797 3433 2797 3429 2797 3426 2797 3422 2797 3390 2811 3338 2783 3334 2783 3330 2783 3327 2783 3249 2804 3129 2779 3126 2779 3037 2797 2825 2762 2822 2762 2606 2779 2575 2758 2571 2758 2567 2758 2564 2758 2437 2769 2401 2744 2398 2744 2394 2744 2391 2744 2154 2755 2133 2737 2133 2733 2129 2733 2126 2733 2122 2733 1939 2751 1886 2730 1879 2857 1875 2885"/></Shape>
            <String CONTENT="et souefuement nourry les gaste, et"
                    HPOS="1875"
                    VPOS="2730"
                    WIDTH="2130"
                    HEIGHT="268"
                    WC="0.9876047389847892"></String>
          </TextLine>
          <TextLine ID="eSc_line_90fbfdb1"
                    TAGREFS="LT8"
                    BASELINE="1886 3012 2514 3020 3980 3083" 
                    HPOS="1882"
                    VPOS="2871"
                    WIDTH="2098"
                    HEIGHT="272">
            <Shape><Polygon POINTS="1886 3012 1882 3062 2031 3037 2197 3037 2225 3062 2228 3062 2232 3062 2235 3062 2317 3044 2419 3087 2423 3087 2426 3087 2430 3087 2497 3062 2575 3083 2578 3083 2582 3083 2585 3083 2677 3058 2878 3097 2882 3097 2885 3097 2889 3097 2921 3073 3062 3108 3066 3108 3069 3108 3073 3108 3171 3080 3253 3104 3256 3104 3260 3104 3263 3104 3316 3087 3355 3115 3359 3115 3362 3115 3366 3115 3369 3115 3373 3115 3398 3094 3440 3126 3443 3126 3447 3126 3451 3126 3454 3126 3557 3101 3645 3101 3698 3136 3701 3136 3705 3136 3973 3143 3980 3083 3980 2977 3963 2960 3963 2956 3959 2956 3956 2956 3952 2956 3949 2956 3878 2977 3518 2967 3496 2945 3493 2945 3489 2945 3486 2945 3373 2960 3334 2928 3334 2924 3330 2924 3327 2924 3323 2924 3108 2949 3069 2917 3069 2914 3066 2914 3062 2914 2811 2907 2808 2907 2804 2907 2723 2935 2596 2896 2592 2896 2589 2896 2585 2896 2539 2921 2514 2896 2514 2892 2511 2892 2507 2892 2451 2892 2447 2892 2444 2892 2331 2921 2207 2882 2204 2882 2200 2882 2052 2910 1960 2871 1956 2871 1953 2871 1949 2871 1886 2892 1886 3012"/></Shape>
            <String CONTENT="faict la chair rebelle, tellement quilz"
                    HPOS="1882"
                    VPOS="2871"
                    WIDTH="2098"
                    HEIGHT="272"
                    WC="0.9986658264429141"></String>
          </TextLine>
          <TextLine ID="eSc_line_6a686008"
                    TAGREFS="LT8"
                    BASELINE="1882 3157 3959 3231" 
                    HPOS="1879"
                    VPOS="3034"
                    WIDTH="2080"
                    HEIGHT="247">
            <Shape><Polygon POINTS="1882 3157 1879 3210 1963 3196 2002 3221 2006 3221 2009 3221 2013 3221 2133 3210 2172 3228 2175 3228 2179 3228 2469 3210 2522 3228 2525 3228 2529 3228 2924 3228 2970 3256 2974 3256 2977 3256 3080 3260 3083 3260 3087 3260 3129 3239 3179 3263 3182 3263 3186 3263 3285 3242 3309 3263 3313 3263 3316 3263 3320 3263 3323 3263 3327 3263 3362 3242 3564 3277 3567 3277 3655 3260 3680 3281 3684 3281 3687 3281 3691 3281 3793 3263 3952 3281 3959 3231 3959 3126 3705 3126 3655 3094 3652 3094 3648 3094 3645 3094 3535 3118 3380 3090 3376 3090 3373 3090 3369 3090 3341 3111 3299 3083 3295 3083 3292 3083 3288 3083 3285 3083 3232 3104 3210 3083 3210 3080 3207 3080 3203 3080 3200 3080 3002 3087 2977 3069 2974 3069 2970 3069 2967 3069 2963 3069 2960 3069 2960 3073 2928 3097 2804 3097 2677 3058 2673 3058 2670 3058 2666 3058 2599 3087 2433 3083 2278 3044 2274 3044 2271 3044 2214 3065 2186 3041 2182 3041 2179 3041 2175 3041 2084 3058 1985 3034 1981 3034 1978 3034 1882 3051 1882 3157"/></Shape>
            <String CONTENT="sont plus enclins a lubricite/ hayne/"
                    HPOS="1879"
                    VPOS="3034"
                    WIDTH="2080"
                    HEIGHT="247"
                    WC="0.9999955892562866"></String>
          </TextLine>
          <TextLine ID="eSc_line_1928ba58"
                    TAGREFS="LT8"
                    BASELINE="1872 3316 2299 3316 3963 3387" 
                    HPOS="1872"
                    VPOS="3196"
                    WIDTH="2091"
                    HEIGHT="247">
            <Shape><Polygon POINTS="1872 3316 1872 3369 1921 3348 2076 3348 2087 3366 2091 3366 2091 3369 2094 3369 2098 3369 2101 3369 2271 3355 2522 3383 2525 3383 2592 3369 2624 3401 2624 3405 2628 3405 2631 3405 2815 3412 2818 3412 2822 3412 2896 3380 2952 3380 2984 3415 2984 3419 2988 3419 2991 3419 3207 3426 3210 3426 3214 3426 3217 3426 3242 3412 3260 3426 3260 3429 3263 3429 3267 3429 3270 3433 3352 3433 3352 3429 3355 3429 3415 3401 3443 3433 3443 3436 3447 3436 3451 3436 3673 3443 3677 3443 3680 3443 3733 3419 3783 3443 3786 3443 3790 3443 3793 3443 3797 3443 3828 3419 3956 3440 3963 3387 3959 3267 3832 3288 3694 3256 3691 3256 3687 3256 3638 3277 3553 3277 3525 3253 3525 3249 3521 3249 3518 3249 3514 3249 3352 3267 3263 3239 3260 3239 3256 3239 3253 3239 3171 3263 2998 3260 2970 3239 2967 3239 2963 3239 2960 3239 2956 3239 2914 3253 2885 3228 2885 3224 2882 3224 2878 3224 2875 3224 2871 3224 2839 3239 2716 3221 2712 3221 2709 3221 2656 3242 2575 3214 2571 3214 2567 3214 2419 3228 2373 3203 2370 3203 2366 3203 2363 3203 2310 3228 2264 3210 2260 3210 2257 3210 2253 3210 2204 3224 2147 3196 2144 3196 2140 3196 1875 3210 1872 3316"/></Shape>
            <String CONTENT="enuie/ et a noyses/ que les seculiers/"
                    HPOS="1872"
                    VPOS="3196"
                    WIDTH="2091"
                    HEIGHT="247"
                    WC="0.986905795963187"></String>
          </TextLine>
          <TextLine ID="eSc_line_b30aa1f4"
                    TAGREFS="LT8"
                    BASELINE="1868 3461 3578 3518" 
                    HPOS="1865"
                    VPOS="3341"
                    WIDTH="1713"
                    HEIGHT="226">
            <Shape><Polygon POINTS="1868 3461 1865 3496 1896 3514 1900 3514 1903 3514 1907 3514 2080 3500 2479 3532 2483 3532 2790 3525 2935 3549 2938 3549 3055 3535 3083 3553 3087 3553 3090 3553 3094 3553 3097 3553 3101 3553 3126 3535 3186 3556 3189 3556 3193 3556 3447 3549 3539 3567 3542 3567 3546 3567 3549 3567 3574 3546 3578 3518 3578 3422 3440 3419 3412 3390 3412 3387 3408 3387 3405 3387 3401 3387 3274 3412 2945 3405 2907 3369 2903 3369 2900 3369 2896 3369 2769 3394 2726 3366 2723 3366 2719 3366 2716 3366 2536 3387 2504 3362 2500 3362 2497 3362 2493 3362 2394 3376 2370 3355 2370 3352 2366 3352 2363 3352 2084 3341 2080 3341 1868 3362 1868 3461"/></Shape>
            <String CONTENT="qui labeurent de leurs mains."
                    HPOS="1865"
                    VPOS="3341"
                    WIDTH="1713"
                    HEIGHT="226"
                    WC="0.9998815100768517"></String>
          </TextLine>
          <TextLine ID="eSc_line_a0626a7e"
                    TAGREFS="LT8"
                    BASELINE="2009 3613 3966 3684" 
                    HPOS="2006"
                    VPOS="3496"
                    WIDTH="1960"
                    HEIGHT="251">
            <Shape><Polygon POINTS="2009 3613 2006 3648 2451 3666 2596 3701 2730 3705 2733 3705 2737 3705 2741 3705 2776 3684 2889 3712 2892 3712 2896 3712 2900 3712 2984 3687 3182 3722 3186 3722 3260 3708 3376 3726 3380 3726 3383 3726 3387 3726 3419 3705 3574 3737 3578 3737 3581 3737 3652 3712 3708 3740 3712 3740 3715 3740 3719 3740 3765 3715 3867 3747 3871 3747 3874 3747 3963 3730 3966 3684 3963 3585 3793 3588 3776 3567 3772 3567 3772 3564 3768 3564 3765 3564 3761 3564 3758 3564 3754 3564 3754 3567 3733 3585 3528 3581 3454 3546 3451 3546 3447 3546 3443 3546 3380 3564 3295 3539 3292 3539 3288 3539 3285 3539 3214 3567 3119 3567 3002 3528 2998 3528 2995 3528 2808 3553 2652 3525 2649 3525 2645 3525 2642 3525 2631 3535 2620 3518 2617 3518 2617 3514 2613 3514 2610 3514 2606 3514 2334 3535 2122 3496 2119 3496 2009 3518 2009 3613"/></Shape>
            <String CONTENT="Aucuns uoyent les religieux ⁊ re¬"
                    HPOS="2006"
                    VPOS="3496"
                    WIDTH="1960"
                    HEIGHT="251"
                    WC="0.9653331818002643"></String>
          </TextLine>
          <TextLine ID="eSc_line_71c865c3"
                    TAGREFS="LT8"
                    BASELINE="1854 3758 3945 3832" 
                    HPOS="1850"
                    VPOS="3638"
                    WIDTH="2095"
                    HEIGHT="247">
            <Shape><Polygon POINTS="1854 3758 1850 3793 1974 3825 1978 3825 1981 3825 2069 3800 2154 3800 2200 3832 2204 3832 2207 3832 2211 3832 2214 3832 2288 3807 2352 3839 2356 3839 2359 3839 2363 3839 2433 3811 2571 3835 2575 3835 2688 3821 2755 3853 2758 3853 2762 3853 2765 3853 2818 3825 2889 3857 2892 3857 2896 3857 3005 3832 3041 3853 3044 3853 3048 3853 3051 3853 3133 3835 3242 3871 3246 3871 3249 3871 3472 3867 3475 3867 3479 3867 3504 3850 3641 3885 3645 3885 3648 3885 3942 3874 3945 3832 3945 3740 3899 3719 3896 3719 3892 3719 3793 3733 3744 3701 3740 3701 3737 3701 3641 3698 3638 3698 3634 3698 3631 3698 3631 3701 3599 3730 3557 3730 3525 3705 3521 3705 3518 3705 3514 3705 3104 3708 3051 3677 3048 3677 3044 3677 3041 3677 3037 3677 3034 3677 3034 3680 3002 3708 2949 3708 2801 3701 2744 3673 2741 3673 2737 3673 2733 3673 2677 3694 2592 3673 2589 3673 2585 3673 2582 3673 2578 3673 2560 3687 2518 3659 2514 3659 2511 3659 2507 3659 2317 3677 2253 3648 2250 3648 2246 3648 2243 3648 2193 3669 2154 3645 2151 3645 2147 3645 2144 3645 2048 3662 1857 3638 1854 3758"/></Shape>
            <String CONTENT="ligieuses beaucoup lire/ prier/ chãter/"
                    HPOS="1850"
                    VPOS="3638"
                    WIDTH="2095"
                    HEIGHT="247"
                    WC="0.9922718718647957"></String>
          </TextLine>
          <TextLine ID="eSc_line_933793aa"
                    TAGREFS="LT8"
                    BASELINE="1857 3910 3687 3984 3917 3980" 
                    HPOS="1854"
                    VPOS="3783"
                    WIDTH="2063"
                    HEIGHT="261">
            <Shape><Polygon POINTS="1857 3910 1854 3938 1907 3959 1910 3959 1914 3959 2094 3952 2126 3973 2129 3973 2133 3973 2137 3973 2140 3973 2190 3952 2334 3973 2338 3973 2341 3973 2398 3959 2437 3987 2440 3987 2444 3987 2447 3987 2451 3987 2539 3966 2592 3991 2596 3991 2599 3991 2603 3991 2656 3970 2832 3973 2931 4012 2935 4012 2938 4012 2942 4012 3016 3984 3111 4019 3115 4019 3119 4019 3341 3998 3737 4044 3740 4044 3913 4016 3917 3980 3910 3867 3828 3888 3482 3878 3458 3850 3458 3846 3454 3846 3451 3846 3383 3843 3380 3843 3376 3843 3334 3864 3182 3864 3122 3832 3119 3832 3115 3832 3111 3832 3108 3832 3069 3857 2981 3857 2938 3825 2935 3825 2931 3825 2928 3825 2497 3835 2430 3835 2394 3804 2391 3804 2387 3804 2384 3804 2250 3825 2182 3797 2179 3797 1857 3783 1857 3910"/></Shape>
            <String CONTENT="ueiller/ ieuner/ aller sans linge por¬"
                    HPOS="1854"
                    VPOS="3783"
                    WIDTH="2063"
                    HEIGHT="261"
                    WC="0.9965441572038751"></String>
          </TextLine>
          <TextLine ID="eSc_line_093771ea"
                    TAGREFS="LT8"
                    BASELINE="1840 4062 3906 4132" 
                    HPOS="1836"
                    VPOS="3941"
                    WIDTH="2070"
                    HEIGHT="255">
            <Shape><Polygon POINTS="1840 4062 1836 4093 2045 4136 2048 4136 2052 4136 2147 4107 2454 4115 2599 4153 2603 4153 2606 4153 2726 4132 2797 4153 2801 4153 2804 4153 2914 4136 3080 4171 3083 4171 3235 4146 3401 4171 3405 4171 3408 4171 3468 4153 3486 4168 3486 4171 3489 4171 3493 4171 3496 4171 3564 4157 3588 4178 3592 4178 3595 4178 3899 4196 3906 4132 3903 4037 3694 4037 3631 4005 3627 4005 3624 4005 3620 4005 3557 4030 3518 3998 3514 3998 3511 3998 3507 3998 3504 3998 3451 4019 3376 3984 3373 3984 3369 3984 3366 3984 3299 4023 3263 4002 3260 4002 3256 4002 3253 4002 3087 4016 3051 3980 3051 3977 3048 3977 3044 3977 3041 3977 3037 3977 2960 4012 2730 4005 2691 3966 2691 3963 2688 3963 2684 3963 2681 3963 2606 3973 2550 3956 2546 3956 2543 3956 2539 3956 2440 3980 2345 3949 2341 3949 2080 3941 2076 3941 2073 3941 2069 3941 2069 3945 2027 3980 1939 3973 1900 3941 1896 3941 1893 3941 1889 3941 1886 3941 1840 3956 1840 4062"/></Shape>
            <String CONTENT="ter hũbles uestementz, ⁊ cela leur ag¬"
                    HPOS="1836"
                    VPOS="3941"
                    WIDTH="2070"
                    HEIGHT="255"
                    WC="0.988701126514337"></String>
          </TextLine>
          <TextLine ID="eSc_line_53801be9"
                    TAGREFS="LT8"
                    BASELINE="1836 4221 3881 4291" 
                    HPOS="1833"
                    VPOS="4097"
                    WIDTH="2048"
                    HEIGHT="251">
            <Shape><Polygon POINTS="1836 4221 1833 4266 2034 4259 2091 4288 2094 4288 2098 4288 2214 4270 2253 4295 2257 4295 2260 4295 2447 4302 2451 4302 2454 4302 2550 4277 2751 4281 2832 4309 2836 4309 2839 4309 3027 4302 3076 4319 3080 4319 3083 4319 3087 4319 3133 4298 3458 4305 3779 4348 3783 4348 3786 4348 3878 4319 3881 4291 3881 4192 3684 4189 3645 4164 3641 4164 3638 4164 3634 4164 3475 4178 3376 4146 3373 4146 3369 4146 3366 4146 3277 4171 3253 4146 3253 4143 3249 4143 3246 4143 3242 4143 3069 4164 2967 4132 2963 4132 2843 4129 2839 4129 2836 4129 2776 4153 2567 4129 2564 4129 2497 4143 2451 4118 2447 4118 2444 4118 2257 4136 2211 4118 2207 4118 2204 4118 1974 4125 1932 4097 1928 4097 1925 4097 1921 4097 1836 4111 1836 4221"/></Shape>
            <String CONTENT="gree, ⁊ acquierent une uolunte de ser"
                    HPOS="1833"
                    VPOS="4097"
                    WIDTH="2048"
                    HEIGHT="251"
                    WC="0.991584692452405"></String>
          </TextLine>
          <TextLine ID="eSc_line_0f0b1512"
                    TAGREFS="LT8"
                    BASELINE="1836 4365 3860 4436" 
                    HPOS="1833"
                    VPOS="4245"
                    WIDTH="2027"
                    HEIGHT="251">
            <Shape><Polygon POINTS="1836 4365 1833 4422 1935 4404 2175 4429 2179 4429 2313 4418 2356 4447 2359 4447 2363 4447 2366 4447 2465 4425 2567 4447 2571 4447 2575 4447 2578 4447 2606 4429 2744 4461 2748 4461 3041 4443 3182 4475 3186 4475 3189 4475 3253 4450 3348 4482 3352 4482 3355 4482 3811 4478 3850 4496 3860 4436 3860 4334 3836 4316 3832 4316 3828 4316 3825 4316 3821 4316 3818 4316 3818 4319 3797 4337 3666 4337 3631 4305 3627 4305 3624 4305 3620 4305 3398 4323 3362 4295 3359 4295 3355 4295 3352 4295 3246 4305 3154 4288 3090 4288 3087 4288 3083 4288 3080 4288 3080 4291 3051 4312 2977 4312 2963 4291 2960 4291 2960 4288 2956 4288 2952 4288 2949 4288 2857 4305 2825 4281 2825 4277 2822 4277 2818 4277 2815 4277 2811 4277 2726 4298 2652 4270 2649 4270 2645 4270 2642 4270 2571 4291 2504 4266 2500 4266 2497 4266 2493 4266 2490 4266 2447 4291 2144 4284 2080 4256 2076 4256 2073 4256 1946 4273 1918 4249 1918 4245 1914 4245 1910 4245 1907 4245 1903 4245 1836 4266 1836 4365"/></Shape>
            <String CONTENT="uir dieu en telle sorte. Et ilz oyẽt quõ"
                    HPOS="1833"
                    VPOS="4245"
                    WIDTH="2027"
                    HEIGHT="251"
                    WC="0.9976071672780173"></String>
          </TextLine>
          <TextLine ID="eSc_line_87606e5d"
                    TAGREFS="LT8"
                    BASELINE="1829 4531 2253 4531 3846 4584" 
                    HPOS="1829"
                    VPOS="4408"
                    WIDTH="2017"
                    HEIGHT="233">
            <Shape><Polygon POINTS="1829 4531 1833 4581 1847 4567 1868 4584 1868 4588 1872 4588 1875 4588 2038 4595 2041 4595 2045 4595 2137 4570 2221 4595 2225 4595 2228 4595 2352 4570 2398 4606 2401 4606 2405 4606 2479 4609 2483 4609 2486 4609 2546 4581 2702 4581 2910 4584 2931 4606 2935 4606 2938 4606 2942 4606 3090 4595 3214 4630 3217 4630 3390 4637 3394 4637 3398 4637 3401 4637 3433 4609 3539 4641 3542 4641 3546 4641 3843 4630 3846 4584 3846 4489 3765 4468 3761 4468 3758 4468 3670 4485 3624 4461 3620 4461 3617 4461 3613 4461 3521 4482 3405 4482 3352 4454 3348 4454 3345 4454 3341 4454 3292 4475 3207 4475 3186 4454 3186 4450 3182 4450 3179 4450 3175 4450 3171 4450 3168 4450 3147 4468 2977 4468 2928 4440 2924 4440 2921 4440 2917 4440 2847 4461 2825 4443 2822 4443 2818 4443 2815 4443 2681 4454 2599 4429 2596 4429 2592 4429 2589 4429 2585 4429 2560 4450 2394 4450 2144 4415 2140 4415 2137 4415 2066 4436 2027 4411 2023 4411 2020 4411 1914 4408 1910 4408 1907 4408 1829 4429 1829 4531"/></Shape>
            <String CONTENT="ꝓmet le royaume des cieulx aux ob¬"
                    HPOS="1829"
                    VPOS="4408"
                    WIDTH="2017"
                    HEIGHT="233"
                    WC="0.9946203459711636"></String>
          </TextLine>
          <TextLine ID="eSc_line_2eec3f08"
                    TAGREFS="LT8"
                    BASELINE="1815 4673 3083 4726 3836 4736" 
                    HPOS="1815"
                    VPOS="4549"
                    WIDTH="2021"
                    HEIGHT="297">
            <Shape><Polygon POINTS="1815 4673 1815 4772 1843 4761 1865 4782 1865 4786 1868 4786 1872 4786 1875 4786 1879 4786 1882 4786 1939 4750 1992 4750 2122 4803 2126 4803 2334 4810 2338 4810 2341 4810 2454 4768 2469 4782 2469 4786 2472 4786 2476 4786 2726 4789 2758 4821 2758 4825 2762 4825 2765 4825 2769 4825 2772 4825 2868 4786 2952 4832 2956 4832 2960 4832 3235 4814 3327 4846 3330 4846 3334 4846 3546 4807 3825 4825 3836 4736 3836 4641 3800 4616 3797 4616 3793 4616 3790 4616 3786 4616 3783 4616 3747 4641 3705 4613 3701 4613 3698 4613 3694 4613 3504 4634 3436 4606 3433 4606 3429 4606 3426 4606 3362 4627 3161 4623 3097 4591 3094 4591 3023 4591 3020 4591 3016 4591 3013 4591 3013 4595 2988 4613 2956 4588 2952 4588 2949 4588 2945 4588 2942 4588 2938 4588 2938 4591 2910 4613 2719 4609 2695 4581 2695 4577 2691 4577 2688 4577 2684 4577 2681 4577 2606 4602 2295 4595 2274 4567 2271 4567 2271 4563 2267 4563 2264 4563 2260 4563 2080 4584 1861 4549 1857 4549 1854 4549 1850 4549 1815 4567 1815 4673"/></Shape>
            <String CONTENT="seruantz, moyẽnant qͥlz gardent bien"
                    HPOS="1815"
                    VPOS="4549"
                    WIDTH="2021"
                    HEIGHT="297"
                    WC="0.9954455124365317"></String>
          </TextLine>
        </TextBlock>
        <TextBlock HPOS="3539"
                   VPOS="4747"
                   WIDTH="331"
                   HEIGHT="205"
                   ID="eSc_textblock_0160976e"
                   TAGREFS="BT17">
          <Shape><Polygon POINTS="3539 4747 3539 4952 3870 4952 3870 4747"/></Shape>
          <TextLine ID="eSc_line_6dc670a1"
                    TAGREFS="LT8"
                    BASELINE="3595 4895 3846 4902" 
                    HPOS="3592"
                    VPOS="4775"
                    WIDTH="254"
                    HEIGHT="191">
            <Shape><Polygon POINTS="3595 4895 3592 4966 3843 4962 3846 4902 3843 4800 3655 4775 3652 4775 3648 4775 3595 4789 3595 4895"/></Shape>
            <String CONTENT="leur"
                    HPOS="3592"
                    VPOS="4775"
                    WIDTH="254"
                    HEIGHT="191"
                    WC="0.999691441655159"></String>
          </TextLine>
        </TextBlock>
      </PrintSpace>
    </Page>
  </Layout>
</alto>
