4267 6633
1577 596 232 349 1od̃

2227 714 1295 229 Des bonnes oeuures.

1796 880 2142 277 comme a faict Christ. Et ne querrons

1788 1042 2150 266 nulle part nr̃e ꝓpre prouffit/ ou auan

1796 1193 2146 273 taige, ou honneur, mais querons tou

1788 1356 2132 261 tes choses ꝓuffitables a nr̃e ꝓchain/

1782 1514 2158 238 en regardant songneusemẽt de tous¬

1788 1672 2139 251 iours procurer lhonneur de Dieu/ ⁊ q̃

1770 1818 2170 265 par tout aydons nr̃e frere Chrestien.

1762 1964 2162 254 Car ainsi le nous admõneste de faire

1759 2100 2164 293 S. Paul/ disant q̃ nul ne regarde ce qͥ

1751 2277 2165 261 touche a soymesme/ mais a son frere

1744 2424 2168 262 Chrestiẽ. Et q̃ tout ce que faisons soit

1751 2572 2132 243 faict a lhõneur de Dieu. Et prenong

1751 2715 2117 273 dauant noꝰ la uie de Iesu Christ, cõe

1743 2868 2125 260 une reigle, ⁊ miroir de tout ce qͥl nous

1744 3010 2065 269 fauldra faire, ou laisser, ⁊ prendrons

1740 3176 2073 262 peine de lensuyuir en humilite, en mã

1744 3327 2073 258 suetude, ⁊ doulceur, en compassiõ/ en

1733 3478 2087 251 debõnairete, ⁊ de uiure ainsi auec nr̃e

1737 3626 2094 261 ꝓchain, cõe Iesꝰ Christ a uescu auec

1725 3780 2092 258 nous. Car Iesꝰ Christ na point este

1715 3946 2092 254 nay, pour soy, ⁊ na poĩt icy uescu poͬ

1729 4086 2054 254 soy/ mais pour noꝰ. Et na point que¬

1714 4248 2066 247 ru son honneur, mais celuy de son Pe

1693 4394 2075 260 re celeste. Ainsi ne querras tu poĩt aus¬

1722 4543 2028 247 si ce qͥ est ꝓuffitable a toy/ mais ꝯuena

1714 4683 2025 310 ble a ton ꝓꝓchain/ cõe noꝰ enseigne S.

3407 4915 336 221 Paul

1283 2045 471 243 1.Cor.10

1283 2819 421 259 1.Ieh.2.
