4267 6400
1684 622 246 195 198

2453 625 1159 192 La uie dun citoyen.

1930 782 2137 210 stoit ainsi institue des Apostres: affin

1937 945 2145 178 que les infideles qui conuersoyent en¬

1937 1098 2145 196 tre les Chrestiens ne se moqueissent

1941 1248 2148 192 des Chrestiens quand ilz les uerroyẽt

1937 1397 2155 195 auoir disette/ disans quil ne fust point

1934 1553 2162 196 de charite entre les Chrestiens par ce

1937 1706 2152 196 quilz ne secourroyent point lun lau¬

1937 1863 2148 192 tre. Pourtant ne demãdoit iadiz nul

1930 2008 2144 200 laumosne. Pource seroit il bon encore

1927 2158 2144 199 auiourdhuy/ quõ nen laissast nul de¬

1927 2314 2123 182 mãder laumosne de ceux qui sont ieu

1927 2456 2112 192 nes/ ⁊ fortz assez poͬ gaigner leͬ pain:

1934 2602 2119 192 car le monde est plain de gẽs oyseux.

2055 2744 1995 203 Et nostre Seigneur faict encore au

1923 2897 2137 189 iourdhuy les mesmes miraeles qͥl fai¬

1930 3047 2120 199 soit/ quand il repaissoit un si grand

1927 3214 2119 185 nombre de peuple de cinq pains dor¬

1923 3356 2119 181 ge/ iasoit que par nostre ingratitude

1920 3509 2112 185 nous ny prenõs point de regard. Car

1916 3655 2102 195 il y a cinq parties de peuple au mon¬

1927 3808 2091 181 de/ et la .u. nourrit et entretient seule

1913 3950 2090 210 les autres quatre. La premiere partie

1920 4106 2062 192 sont chanoines/ moines/ prebstres/ et

1920 4259 2041 189 clercz. Iceux ne gaignent rien/ mais

1923 4408 2045 196 despendent tout. La seconde sont Sei

1916 4561 2030 221 gneurs conseilliers gouuerneurs du

3584 4739 316 192 pays/

1482 2748 482 185 Mat.14
