4267 6358
1587 685 260 176 156

2525 692 834 205 Des moines.

1829 858 2144 219 premierement leur a.b.c. Et S. Paul

1850 1010 2134 219 nous admõneste aux Colossen. de ne

1837 1172 2150 223 noꝰ point laisser seduire/ ⁊ que ne ser¬

1829 1328 2162 201 uions point/ ⁊ demourions subiectz a

1826 1483 2158 194 telz elemẽs, mais ueult que procedõs

1829 1628 2155 215 a lesprit. Car q̃l proffit auroit un esco

1826 1783 2158 212 lier de demeurer toute sa uie en son a.

1826 1946 2158 187 b.c. ⁊ de point apprendre plus auant?

1829 2087 2158 216 Non plus de proffit ameynẽt les oeu¬

1826 2246 2151 198 ures sans esprit/ ⁊ sans foy. Dauan¬

1826 2398 2147 198 taige les appelle Iesus Christ consti¬

1822 2543 2155 198 tutions humaines, disant en S. Mat

1836 2680 2137 227 thieu. Ilz me hõnorent en uain/ ensei

1826 2846 2130 198 gnand doctrines/ ⁊ commandemens

1826 2970 2119 230 dhões. Et S. Paul les appelle aussi

1826 3143 2101 198 exercitatiõs corporelles/ cestadire cho

1829 3292 2105 211 ses par lesq̃lles nr̃e corps est seulemẽt

1826 3440 2119 226 trauaille/ ⁊ empesche de pis faire/ ⁊ ne

1833 3602 2094 205 prouffitent rien, mesmes a nr̃e ame.

1840 3733 2087 226 Car il dit Exercitation/ ou labeur cor

1843 3899 2077 205 porelle est a peu de chose utille/ mais

1826 4047 2077 212 debõnairete ꝓuffite a toutes choses.

1822 4210 2074 205 Et cela se faict/ pour ce que le faisons

1833 4365 2045 195 seulement du corps/ ⁊ que par ce no¬

1829 4514 2035 197 stre coeur ⁊ esprit nest point auoye/ et

1826 4659 2024 296 tourne a Dieu. Et le prophete Esaye

3719 4953 138 7 se

1427 992 384 198 Colos¬

1505 1155 302 190 sen.3.

1366 2666 445 180 Mat.15.

1430 3726 399 202 2.Ti.4.
