4267 6200
2260 583 300 248 249

951 592 944 200 Chapitre .xxix.

403 747 2002 217 Iesu Christ. Pour ceste cause ⁊ raison

372 905 2040 204 est tout manifeste q̃ S. Iehã na point

386 1060 2023 190 prise la guerre par ces parolles/ mais

379 1202 2030 193 plus deffendu/ cõe aussi enseigne tou¬

372 1346 2040 197 te lEuãgile. Car cõe est chose mal cõ¬

372 1491 2026 203 uenable q̃ la main cõbat ꝯtre le chief/

368 1646 2041 189 aussi mal ꝯuenable chose est ce/ ⁊ aussi

368 1791 2030 193 grãd peche quun Chrestiẽ maine guer

355 1946 2030 182 re cõtre lautre: car nous sommes tous

341 2071 2027 202 freres ⁊ communs mẽbres. Et Iesus

341 2232 2044 186 Christ a toute sa uie p̃sche et annonce

341 2373 2044 172 paix ⁊ concorde/ a tous ceux qͥl ensei¬

341 2490 2033 212 gnoit. Et S. Iehan en sa p̃miere Epi

348 2652 2040 182 stre. Qui hayt son frere/ il est homici¬

348 2793 2044 189 de. Ne fault il nul hayr noꝰ fault il ay

337 2948 2055 179 mer noz ennemis? nous fault il prier

348 3093 2019 182 poͬ ceux/ ⁊ faire bien a ceux qͥ noꝰ ꝑse

334 3234 2030 189 cutent? cõmẽt seroit il possible selõ lE

337 3389 2041 169 uangile q̃ noꝰ puissions mener guerre

344 3530 2020 186 sans peche/ en laq̃lle tant de gẽs ꝑdent

334 3682 2037 186 leur uie ⁊ par laq̃lle tant mainte ꝑson

330 3823 2037 172 ne uient a sauuaige/ uolaige/ ⁊ mau¬

323 3964 2048 190 uaise uie? Il ya des escriptures au

327 4133 2044 172 droit canõ/ lesq̃lles ꝑmettent aucunes

323 4257 2051 193 guerres. Mais la doctrine de Iesu

303 4405 2068 214 Christ/ ⁊ des Apostres desprise toute

1440 4560 931 217 Q5 guerre.

2384 2097 414 202 Rom.12.

2394 2552 373 258 1.Ieh.4.
