4267 7464
2942 628 298 317 121

1200 603 1057 323 Chapitre xiii.

422 887 2476 261 mettons quelque fiance. Car icelles/

427 1078 2475 261 en elles mesmes ne sõt autre chose que

443 1252 2438 265 peche/ ⁊ ordure deuant Dieu/ quand

443 1434 2443 253 dieu ne nous ayde point par sa grace.

435 1610 2451 249 Comme dit le Prophete Esaie. Nous

443 1791 2434 249 sommes tous faictz impurs, et tou¬

439 1973 2447 241 tes noz iustices ensemble/ sont comme

406 2152 2484 236 le drapeau de la femme/ qui souffre le

422 2334 2472 236 flux de sang. Et pourtant ne me

422 2508 2489 228 scays ie assez esbahyr, que plusieurs re

414 2699 2484 220 ligieux (ainsi quon appelle) ueulent

431 2865 2455 232 faire les autres participãs de leurs bõ

422 3051 2480 191 nes oeuures par confraires/ ou frater

435 3205 2476 240 nitez, ueu que Iesu Christ mesme dit

431 3391 2484 229 en Leuãgile. Apres q̃ aurez faict tout

435 3570 2476 224 ce que uous est cõmã de/ dictez. Nous

435 3756 2444 206 sõmes seruiteurs inutiles/ noꝰ auons

456 3926 2463 228 faict ce que debuions faire. Car nul ne

472 4105 2430 228 peut saire trop, et nul ne faict plꝰ quil

468 4275 2426 236 nest tenu de faire fors Iesus Christ

468 4457 2438 224 seul/ lequel seul a faict ce quil nestoit

468 4635 2430 224 point tenu de faire. Car il na faict

456 4814 2450 228 nul peche/ et fraude na point este trou

451 4984 2443 232 uee en sa bouche/ comme dit S. Pier¬

460 5168 2426 243 re. Et sa iustice estoit seule parfaicte

451 5353 2443 290 iustice. Car il a faict ce quil nestoit

1957 5523 941 269 H 5 point

2904 1635 479 249 Esa.44.

2917 3750 448 268 Luce.17

2904 5162 535 367 1.Pet.2.
