<?xml version="1.0" encoding="UTF-8"?>
<alto xmlns:xsi="http://www.w3.org/2001/XMLSchema-instance"
      xmlns="http://www.loc.gov/standards/alto/ns-v4#"
      xsi:schemaLocation="http://www.loc.gov/standards/alto/ns-v4# http://www.loc.gov/standards/alto/v4/alto-4-2.xsd">
  <Description>
    <MeasurementUnit>pixel</MeasurementUnit>
    <sourceImageInformation>
      <fileName>La_somme_de_lescripture_saincte_...Luther_Martin_bpt6k328613m.pdf_page_217.png</fileName>
      <fileIdentifier>pdf//La_somme_de_lescripture_saincte_...Luther_Martin_bpt6k328613m.pdf</fileIdentifier>
    </sourceImageInformation>
  </Description>
  <Tags>
    <OtherTag ID="BT7" LABEL="CustomZone" DESCRIPTION="block type CustomZone"/><OtherTag ID="BT8" LABEL="DamageZone" DESCRIPTION="block type DamageZone"/><OtherTag ID="BT9" LABEL="DigitizationArtefactZone" DESCRIPTION="block type DigitizationArtefactZone"/><OtherTag ID="BT10" LABEL="DropCapitalZone" DESCRIPTION="block type DropCapitalZone"/><OtherTag ID="BT11" LABEL="GraphicZone" DESCRIPTION="block type GraphicZone"/><OtherTag ID="BT12" LABEL="MainZone" DESCRIPTION="block type MainZone"/><OtherTag ID="BT13" LABEL="MarginTextZone" DESCRIPTION="block type MarginTextZone"/><OtherTag ID="BT14" LABEL="MusicZone" DESCRIPTION="block type MusicZone"/><OtherTag ID="BT15" LABEL="NumberingZone" DESCRIPTION="block type NumberingZone"/><OtherTag ID="BT17" LABEL="QuireMarksZone" DESCRIPTION="block type QuireMarksZone"/><OtherTag ID="BT18" LABEL="RunningTitleZone" DESCRIPTION="block type RunningTitleZone"/><OtherTag ID="BT19" LABEL="SealZone" DESCRIPTION="block type SealZone"/><OtherTag ID="BT20" LABEL="StampZone" DESCRIPTION="block type StampZone"/><OtherTag ID="BT21" LABEL="TableZone" DESCRIPTION="block type TableZone"/><OtherTag ID="BT22" LABEL="TitlePageZone" DESCRIPTION="block type TitlePageZone"/><OtherTag ID="BT3120" LABEL="text" DESCRIPTION="block type text"/>
    <OtherTag ID="LT7" LABEL="CustomLine" DESCRIPTION="line type CustomLine"/><OtherTag ID="LT8" LABEL="DefaultLine" DESCRIPTION="line type DefaultLine"/><OtherTag ID="LT9" LABEL="DropCapitalLine" DESCRIPTION="line type DropCapitalLine"/><OtherTag ID="LT10" LABEL="HeadingLine" DESCRIPTION="line type HeadingLine"/><OtherTag ID="LT11" LABEL="InterlinearLine" DESCRIPTION="line type InterlinearLine"/><OtherTag ID="LT12" LABEL="MusicLine" DESCRIPTION="line type MusicLine"/><OtherTag ID="LT958" LABEL="default" DESCRIPTION="line type default"/>
  </Tags>
  <Layout>
    <Page WIDTH="4267"
          HEIGHT="6200"
          PHYSICAL_IMG_NR="216"
          ID="eSc_dummypage_">
      <PrintSpace HPOS="0"
                  VPOS="0"
                  WIDTH="4267"
                  HEIGHT="6200">
        <TextBlock HPOS="2494"
                   VPOS="622"
                   WIDTH="282"
                   HEIGHT="160"
                   ID="eSc_textblock_be57c254"
                   TAGREFS="BT15">
          <Shape><Polygon POINTS="2494 622 2494 761 2776 782 2776 622"/></Shape>
          <TextLine ID="eSc_line_1723d522"
                    TAGREFS="LT8"
                    BASELINE="2516 730 2743 723" 
                    HPOS="2509"
                    VPOS="613"
                    WIDTH="234"
                    HEIGHT="234">
            <Shape><Polygon POINTS="2719 640 2705 633 2684 630 2650 623 2612 616 2609 613 2509 637 2516 730 2516 809 2619 847 2622 847 2626 847 2743 833 2743 723 2740 706 2719 640"/></Shape>
            <String CONTENT="213"
                    HPOS="2509"
                    VPOS="613"
                    WIDTH="234"
                    HEIGHT="234"
                    ></String>
          </TextLine>
        </TextBlock>
        <TextBlock HPOS="949"
                   VPOS="595"
                   WIDTH="991"
                   HEIGHT="193"
                   ID="eSc_textblock_8e73cea8"
                   TAGREFS="BT18">
          <Shape><Polygon POINTS="949 595 949 788 1940 788 1940 595"/></Shape>
          <TextLine ID="eSc_line_ee3f5869"
                    TAGREFS="LT10"
                    BASELINE="996 733 1909 726" 
                    HPOS="992"
                    VPOS="606"
                    WIDTH="917"
                    HEIGHT="189">
            <Shape><Polygon POINTS="1819 606 1785 606 1750 606 1740 606 1692 616 1585 616 1575 606 1544 606 1509 606 1475 606 1471 606 1430 613 1285 606 1268 606 1233 606 1199 606 1164 606 1130 606 1096 606 1061 606 1040 606 992 623 996 733 996 781 1333 795 1337 795 1340 795 1375 778 1409 795 1413 795 1416 795 1544 771 1568 792 1571 792 1575 792 1578 795 1709 795 1709 792 1713 792 1716 792 1716 788 1737 771 1830 788 1833 788 1837 788 1909 768 1909 726 1906 620 1857 606 1854 606"/></Shape>
            <String CONTENT="Chapitre .xxu."
                    HPOS="992"
                    VPOS="606"
                    WIDTH="917"
                    HEIGHT="189"
                    WC="0.999994056565421"></String>
          </TextLine>
        </TextBlock>
        <TextBlock HPOS="312"
                   VPOS="794"
                   WIDTH="2115"
                   HEIGHT="3805"
                   ID="eSc_textblock_4839dfe2"
                   TAGREFS="BT12">
          <Shape><Polygon POINTS="312 794 330 4599 2427 4596 2387 3488 2410 3238 2414 794"/></Shape>
          <TextLine ID="eSc_line_d39c3f56"
                    TAGREFS="LT8"
                    BASELINE="361 912 2350 895" 
                    HPOS="358"
                    VPOS="764"
                    WIDTH="1992"
                    HEIGHT="190">
            <Shape><Polygon POINTS="668 778 641 778 606 799 503 792 496 795 461 799 427 802 392 806 358 806 361 912 361 954 2347 954 2350 895 2343 781 1950 764 1947 764 1943 764 1899 788 1840 771 1837 771 1833 771 1830 771 1826 771 1802 792 1675 792 1657 775 1657 771 1654 771 1650 771 1647 771 1495 792 1395 771 1392 771 1289 792 1209 771 1206 771 1202 771 668 775 668 778"/></Shape>
            <String CONTENT="dire. Cest mon auoir/ ie lay iustement"
                    HPOS="358"
                    VPOS="764"
                    WIDTH="1992"
                    HEIGHT="190"
                    WC="0.9955629565213856"></String>
          </TextLine>
          <TextLine ID="eSc_line_4cb58454"
                    TAGREFS="LT8"
                    BASELINE="372 1060 2343 1046" 
                    HPOS="368"
                    VPOS="923"
                    WIDTH="2058"
                    HEIGHT="196">
            <Shape><Polygon POINTS="372 1112 654 1119 658 1119 661 1119 744 1095 772 1119 775 1119 778 1119 782 1119 785 1119 854 1091 1078 1109 1082 1109 1192 1091 1227 1112 1230 1112 1233 1112 1237 1112 1240 1112 1302 1088 1420 1088 1468 1112 1471 1112 1475 1112 1702 1085 1857 1109 1861 1109 2081 1081 2167 1081 2188 1102 2188 1105 2192 1105 2195 1105 2198 1105 2305 1081 2423 1091 2426 1043 2419 943 2312 923 2309 923 2305 923 2274 940 2250 923 2247 923 2243 923 2240 923 2019 926 2016 926 2012 926 2012 930 1995 947 1657 947 1613 926 1609 926 1606 926 1454 947 1189 930 1185 930 1068 950 785 933 782 933 778 933 744 950 537 936 534 936 368 957 372 1060"/></Shape>
            <String CONTENT="acquyz/ pourquoy nen pourray ie user"
                    HPOS="368"
                    VPOS="923"
                    WIDTH="2058"
                    HEIGHT="196"
                    WC="0.9975238210625119"></String>
          </TextLine>
          <TextLine ID="eSc_line_18ea59a7"
                    TAGREFS="LT8"
                    BASELINE="368 1205 2354 1188" 
                    HPOS="365"
                    VPOS="1060"
                    WIDTH="1989"
                    HEIGHT="186">
            <Shape><Polygon POINTS="368 1205 368 1246 2354 1246 2354 1188 2350 1078 2319 1060 2316 1060 2312 1060 2309 1060 2305 1060 2250 1088 2064 1088 1995 1060 1992 1060 1988 1060 1985 1060 1981 1060 1943 1088 1654 1064 1650 1064 1647 1064 1551 1095 1468 1095 1440 1071 1440 1067 1437 1067 1433 1067 1261 1067 1258 1067 1254 1067 1251 1067 1233 1085 1164 1067 1161 1067 1158 1067 1071 1085 847 1071 844 1071 840 1071 758 1098 727 1074 723 1074 720 1074 716 1074 713 1074 651 1102 365 1102 368 1205"/></Shape>
            <String CONTENT="a ma uolũte? Ie respondz/ q̃ cela nest"
                    HPOS="365"
                    VPOS="1060"
                    WIDTH="1989"
                    HEIGHT="186"
                    WC="0.9872176891718155"></String>
          </TextLine>
          <TextLine ID="eSc_line_a705a0d4"
                    TAGREFS="LT8"
                    BASELINE="368 1353 2350 1336" 
                    HPOS="365"
                    VPOS="1212"
                    WIDTH="1985"
                    HEIGHT="189">
            <Shape><Polygon POINTS="368 1353 368 1401 734 1401 734 1398 737 1398 741 1398 768 1381 1078 1398 1082 1398 1199 1377 1551 1395 1554 1395 1657 1374 1940 1391 1943 1391 1947 1391 2023 1370 2343 1388 2350 1336 2343 1236 2219 1236 2181 1212 2178 1212 2174 1212 2171 1212 1971 1215 1968 1215 1964 1215 1940 1240 1644 1240 1609 1215 1606 1215 1602 1215 1599 1215 1595 1215 1509 1240 1447 1222 1444 1222 1440 1222 1330 1240 1309 1222 1309 1219 1306 1219 1302 1219 1299 1219 1127 1240 930 1222 927 1222 923 1222 920 1222 896 1243 768 1222 765 1222 620 1243 575 1226 572 1226 568 1226 365 1226 368 1353"/></Shape>
            <String CONTENT="point uray q̃ tu las gaigne/ mais dieu"
                    HPOS="365"
                    VPOS="1212"
                    WIDTH="1985"
                    HEIGHT="189"
                    WC="0.9907408356666565"></String>
          </TextLine>
          <TextLine ID="eSc_line_67c97139"
                    TAGREFS="LT8"
                    BASELINE="368 1494 2350 1481" 
                    HPOS="365"
                    VPOS="1357"
                    WIDTH="1985"
                    HEIGHT="193">
            <Shape><Polygon POINTS="368 1494 368 1529 858 1550 861 1550 865 1550 927 1532 968 1546 971 1546 975 1546 978 1546 982 1546 1006 1525 1144 1543 1147 1543 1247 1525 1337 1546 1340 1546 1344 1546 1347 1546 1402 1522 1433 1543 1437 1543 1440 1543 1444 1543 1447 1543 1513 1525 1823 1543 1826 1543 1981 1519 2343 1539 2350 1481 2343 1381 2185 1357 2181 1357 2043 1374 2026 1360 2026 1357 2023 1357 2019 1357 2016 1357 2012 1357 2009 1357 1978 1377 1850 1357 1847 1357 1706 1381 1464 1360 1461 1360 1347 1384 1168 1364 1164 1364 896 1384 865 1364 861 1364 858 1364 854 1364 851 1364 765 1388 517 1367 513 1367 510 1367 465 1388 441 1367 437 1367 434 1367 430 1367 427 1367 365 1391 368 1494"/></Shape>
            <String CONTENT="le ta preste/ ⁊ ne ten a point faict Sei¬"
                    HPOS="365"
                    VPOS="1357"
                    WIDTH="1985"
                    HEIGHT="193"
                    WC="0.9879988272015642"></String>
          </TextLine>
          <TextLine ID="eSc_line_43abda78"
                    TAGREFS="LT8"
                    BASELINE="368 1639 2364 1632" 
                    HPOS="365"
                    VPOS="1505"
                    WIDTH="1999"
                    HEIGHT="186">
            <Shape><Polygon POINTS="368 1639 368 1691 2360 1670 2364 1632 2357 1539 2167 1539 2126 1505 2123 1505 2119 1505 1995 1505 1992 1505 1988 1505 1985 1505 1985 1508 1957 1532 1795 1536 1768 1515 1768 1512 1764 1512 1761 1512 1564 1505 1561 1505 1557 1505 1554 1505 1554 1508 1519 1536 1399 1508 1395 1508 1392 1508 1295 1539 1261 1508 1258 1508 1254 1508 1158 1508 1154 1508 1151 1508 1147 1508 1113 1532 1082 1508 1078 1508 1075 1508 992 1508 989 1508 985 1508 906 1539 685 1522 682 1522 678 1522 644 1539 616 1512 616 1508 613 1508 610 1508 606 1508 603 1508 527 1529 451 1508 448 1508 444 1508 441 1508 365 1539 368 1639"/></Shape>
            <String CONTENT="gneur/ ⁊ ne ueult point q̃ tu en uses a"
                    HPOS="365"
                    VPOS="1505"
                    WIDTH="1999"
                    HEIGHT="186"
                    WC="0.9898488643841866"></String>
          </TextLine>
          <TextLine ID="eSc_line_49400f69"
                    TAGREFS="LT8"
                    BASELINE="372 1787 2350 1777" 
                    HPOS="368"
                    VPOS="1656"
                    WIDTH="1982"
                    HEIGHT="176">
            <Shape><Polygon POINTS="372 1787 372 1818 1681 1832 1685 1832 1971 1815 2278 1829 2281 1829 2285 1829 2350 1808 2350 1777 2343 1674 2019 1656 2016 1656 1912 1674 1840 1656 1837 1656 1833 1656 1830 1656 1788 1674 1664 1660 1661 1660 1657 1660 1654 1660 1654 1663 1637 1680 1423 1680 1375 1660 1371 1660 1368 1660 1275 1677 1258 1663 1258 1660 1254 1660 1251 1660 1092 1660 1089 1660 892 1680 868 1663 865 1663 861 1663 523 1663 520 1663 368 1684 372 1787"/></Shape>
            <String CONTENT="ta uolũte/ mais tu en es seulemẽt de¬"
                    HPOS="368"
                    VPOS="1656"
                    WIDTH="1982"
                    HEIGHT="176"
                    WC="0.9855283819712125"></String>
          </TextLine>
          <TextLine ID="eSc_line_08694eb5"
                    TAGREFS="LT8"
                    BASELINE="368 1942 896 1925 2350 1918" 
                    HPOS="365"
                    VPOS="1791"
                    WIDTH="1985"
                    HEIGHT="199">
            <Shape><Polygon POINTS="368 1942 368 1987 672 1970 713 1990 716 1990 720 1990 723 1990 799 1966 1209 1980 1213 1980 1216 1980 1220 1980 1220 1977 1237 1963 1471 1963 1519 1987 1523 1987 1526 1987 1964 1970 2078 1984 2081 1984 2085 1984 2088 1984 2088 1980 2092 1980 2102 1966 2309 1980 2312 1980 2316 1980 2319 1980 2350 1959 2350 1918 2343 1818 2154 1791 2150 1791 2147 1791 2078 1811 2040 1794 2036 1794 2033 1794 2030 1794 2026 1794 2026 1798 2009 1811 1940 1798 1937 1798 1654 1822 958 1801 954 1801 951 1801 861 1825 799 1801 796 1801 792 1801 789 1801 785 1801 744 1829 692 1804 689 1804 413 1804 410 1804 406 1804 403 1804 365 1825 368 1942"/></Shape>
            <String CONTENT="spẽsier pour le distribuer/ ⁊ en user se¬"
                    HPOS="365"
                    VPOS="1791"
                    WIDTH="1985"
                    HEIGHT="199"
                    WC="0.9987065678551084"></String>
          </TextLine>
          <TextLine ID="eSc_line_dd3d2b25"
                    TAGREFS="LT8"
                    BASELINE="351 2066 2364 2073" 
                    HPOS="348"
                    VPOS="1946"
                    WIDTH="2016"
                    HEIGHT="186">
            <Shape><Polygon POINTS="351 2066 348 2118 585 2125 589 2125 592 2125 596 2125 623 2108 782 2125 785 2125 868 2108 934 2125 937 2125 940 2125 944 2125 1016 2108 1068 2125 1071 2125 1075 2125 1326 2111 1351 2128 1354 2128 1357 2128 1361 2132 1519 2132 1519 2128 1633 2111 1781 2128 1785 2128 1788 2128 1861 2111 2360 2111 2364 2073 2364 1977 2274 1949 2271 1949 2216 1949 2212 1949 2209 1949 2205 1949 2205 1953 2181 1973 1933 1956 1930 1956 1795 1973 1775 1956 1771 1956 1768 1956 1764 1956 1609 1973 1561 1949 1557 1949 1554 1949 1444 1973 1389 1949 1385 1949 1382 1949 1261 1970 1230 1946 1227 1946 1223 1946 1116 1946 1113 1946 1109 1946 1106 1946 1068 1970 1016 1946 1013 1946 1009 1946 351 1966 351 2066"/></Shape>
            <String CONTENT="lon le cõseil de lEuãgile/ ⁊ de toute la"
                    HPOS="348"
                    VPOS="1946"
                    WIDTH="2016"
                    HEIGHT="186"
                    WC="0.998589297135671"></String>
          </TextLine>
          <TextLine ID="eSc_line_11b4d967"
                    TAGREFS="LT8"
                    BASELINE="334 2218 2354 2211" 
                    HPOS="330"
                    VPOS="2090"
                    WIDTH="2024"
                    HEIGHT="193">
            <Shape><Polygon POINTS="334 2218 334 2273 720 2263 765 2283 768 2283 772 2283 775 2283 778 2283 778 2280 799 2263 885 2263 971 2283 975 2283 978 2283 1078 2263 1099 2280 1099 2283 1102 2283 1106 2283 1109 2283 1199 2266 1337 2283 1340 2283 1344 2283 1423 2259 1488 2280 1492 2280 1495 2280 1637 2263 1947 2280 1950 2280 1954 2280 2002 2259 2047 2280 2050 2280 2054 2283 2205 2283 2205 2280 2209 2280 2212 2280 2240 2259 2350 2259 2354 2211 2343 2114 2292 2114 2267 2094 2267 2090 2264 2090 2261 2090 2257 2090 2123 2114 2099 2094 2099 2090 2095 2090 2092 2090 1968 2090 1964 2090 1961 2090 1899 2114 1737 2094 1733 2094 1730 2094 1688 2114 1340 2097 1337 2097 1178 2118 1047 2094 1044 2094 844 2111 823 2094 820 2094 816 2094 551 2094 548 2094 544 2094 541 2094 510 2114 468 2094 465 2094 461 2094 458 2094 454 2094 434 2114 382 2094 379 2094 375 2094 372 2094 330 2111 334 2218"/></Shape>
            <String CONTENT="saincte escripture/ cest que tu en useras"
                    HPOS="330"
                    VPOS="2090"
                    WIDTH="2024"
                    HEIGHT="193"
                    WC="0.9903045223980416"></String>
          </TextLine>
          <TextLine ID="eSc_line_b84e7ca7"
                    TAGREFS="LT8"
                    BASELINE="337 2362 2357 2369" 
                    HPOS="334"
                    VPOS="2245"
                    WIDTH="2023"
                    HEIGHT="186">
            <Shape><Polygon POINTS="337 2362 334 2407 361 2424 365 2424 368 2424 372 2424 485 2404 630 2424 634 2424 761 2404 844 2424 847 2424 851 2424 1271 2404 1354 2428 1357 2428 1361 2431 1633 2431 1633 2428 1637 2428 1640 2428 1664 2407 1688 2424 1692 2424 1695 2424 1699 2424 1957 2407 2005 2428 2009 2428 2012 2428 2016 2428 2095 2407 2192 2428 2195 2428 2198 2428 2202 2428 2233 2407 2274 2428 2278 2428 2281 2428 2285 2428 2354 2404 2357 2369 2354 2273 2023 2252 2019 2252 2016 2252 1978 2273 1768 2273 1671 2252 1668 2252 1664 2252 1661 2252 1637 2273 1437 2273 1399 2252 1395 2252 1392 2252 1389 2252 1347 2269 1230 2249 1227 2249 1223 2249 1151 2266 803 2249 799 2249 796 2249 751 2266 703 2249 699 2249 696 2249 692 2249 620 2266 561 2249 558 2249 554 2249 551 2249 485 2266 337 2245 337 2362"/></Shape>
            <String CONTENT="sans quelque outrage en ta maison/ ⁊"
                    HPOS="334"
                    VPOS="2245"
                    WIDTH="2023"
                    HEIGHT="186"
                    WC="0.9999796566036012"></String>
          </TextLine>
          <TextLine ID="eSc_line_cf75d0b1"
                    TAGREFS="LT8"
                    BASELINE="337 2504 2354 2504" 
                    HPOS="337"
                    VPOS="2390"
                    WIDTH="2017"
                    HEIGHT="165">
            <Shape><Polygon POINTS="337 2548 2350 2555 2354 2504 2354 2414 2099 2414 2078 2393 2078 2390 2074 2390 2071 2390 2068 2390 2064 2390 2061 2390 2026 2411 1785 2393 1781 2393 1316 2411 1295 2393 1295 2390 1292 2390 1289 2390 1285 2390 1192 2407 1089 2390 1085 2390 1082 2390 1078 2390 1047 2411 985 2390 982 2390 978 2390 830 2411 747 2390 744 2390 741 2390 737 2390 654 2411 630 2390 627 2390 623 2390 620 2390 382 2407 341 2390 337 2504 337 2548"/></Shape>
            <String CONTENT="dehors de ta maison a tous paoures/"
                    HPOS="337"
                    VPOS="2390"
                    WIDTH="2017"
                    HEIGHT="165"
                    WC="0.9885316627366202"></String>
          </TextLine>
          <TextLine ID="eSc_line_92929293"
                    TAGREFS="LT8"
                    BASELINE="344 2638 2357 2648" 
                    HPOS="341"
                    VPOS="2517"
                    WIDTH="2016"
                    HEIGHT="180">
            <Shape><Polygon POINTS="344 2638 341 2666 427 2690 430 2690 434 2690 541 2672 637 2690 641 2690 906 2672 1013 2693 1016 2693 1020 2693 1023 2693 1051 2676 1140 2693 1144 2697 1475 2697 1475 2693 1478 2693 1482 2693 1502 2676 1537 2693 1540 2693 1544 2693 2354 2686 2357 2648 2354 2538 2161 2528 2157 2528 2154 2528 2092 2545 1961 2524 1957 2524 1823 2545 1416 2521 1413 2521 1409 2521 1351 2542 1302 2521 1299 2521 1295 2521 1292 2521 1237 2538 1140 2521 1137 2521 1133 2521 1130 2521 1130 2524 1113 2542 903 2542 713 2517 710 2517 706 2517 703 2517 675 2538 344 2538 344 2638"/></Shape>
            <String CONTENT="cõe tu uerras estres besoing. Car ce q̃"
                    HPOS="341"
                    VPOS="2517"
                    WIDTH="2016"
                    HEIGHT="180"
                    WC="0.9966160610318184"></String>
          </TextLine>
          <TextLine ID="eSc_line_0adb0c47"
                    TAGREFS="LT8"
                    BASELINE="355 2786 2374 2786" 
                    HPOS="355"
                    VPOS="2666"
                    WIDTH="2019"
                    HEIGHT="172">
            <Shape><Polygon POINTS="355 2786 355 2814 503 2834 506 2838 730 2838 730 2834 734 2834 737 2834 758 2817 1013 2834 1016 2834 1020 2834 1075 2817 1182 2817 1199 2831 1199 2834 1202 2834 1206 2834 1209 2834 1326 2817 1482 2834 1485 2834 1488 2834 1547 2817 1633 2834 1637 2834 1640 2834 1644 2834 1671 2817 1895 2834 1899 2834 1902 2834 1964 2817 1981 2831 1981 2834 1985 2834 1988 2834 1992 2834 1995 2834 2054 2817 2371 2824 2374 2786 2374 2686 2240 2686 2219 2666 2216 2666 2212 2666 2209 2666 1547 2683 1316 2666 1313 2666 720 2683 658 2666 654 2666 651 2666 565 2683 527 2666 523 2666 520 2666 517 2666 513 2666 513 2669 496 2686 355 2686 355 2786"/></Shape>
            <String CONTENT="tu despens autrement/ tu le desrobe a"
                    HPOS="355"
                    VPOS="2666"
                    WIDTH="2019"
                    HEIGHT="172"
                    WC="0.9906611152597375"></String>
          </TextLine>
          <TextLine ID="eSc_line_2243a371"
                    TAGREFS="LT8"
                    BASELINE="361 2934 2378 2924" 
                    HPOS="358"
                    VPOS="2800"
                    WIDTH="2020"
                    HEIGHT="172">
            <Shape><Polygon POINTS="361 2934 361 2972 2374 2962 2378 2924 2371 2827 2050 2800 2047 2800 2043 2800 1999 2817 1840 2800 1837 2800 1833 2800 1830 2800 1799 2824 1513 2803 1509 2803 1506 2803 1451 2827 1299 2807 1295 2807 1292 2807 1216 2827 1182 2803 1178 2803 1175 2803 1171 2803 1023 2831 358 2810 361 2934"/></Shape>
            <String CONTENT="Dieu ⁊ aux paoures/ qͥ sont les mem"
                    HPOS="358"
                    VPOS="2800"
                    WIDTH="2020"
                    HEIGHT="172"
                    WC="0.9957253694534302"></String>
          </TextLine>
          <TextLine ID="eSc_line_43e6e7f7"
                    TAGREFS="LT8"
                    BASELINE="358 3075 2385 3069" 
                    HPOS="355"
                    VPOS="2945"
                    WIDTH="2030"
                    HEIGHT="172">
            <Shape><Polygon POINTS="358 3075 358 3113 2378 3117 2385 3069 2381 2965 2343 2945 2340 2945 2336 2945 2150 2965 2099 2945 2095 2945 2092 2945 2088 2945 2019 2965 1895 2945 1892 2945 1888 2945 1843 2969 1723 2969 1685 2945 1681 2945 1678 2945 1675 2945 1571 2965 1468 2945 1464 2945 1461 2945 1402 2965 1378 2945 1375 2945 1371 2945 1368 2945 1364 2945 1292 2969 1206 2948 1202 2948 1099 2948 1096 2948 1092 2948 1089 2948 1065 2969 882 2948 878 2948 451 2969 392 2948 389 2948 386 2948 382 2948 379 2948 355 2958 358 3075"/></Shape>
            <String CONTENT="bres de Iesu Christ. Et si tu leͬ faictz"
                    HPOS="355"
                    VPOS="2945"
                    WIDTH="2030"
                    HEIGHT="172"
                    WC="0.9821804270148278"></String>
          </TextLine>
          <TextLine ID="eSc_line_5ca08ae8"
                    TAGREFS="LT8"
                    BASELINE="355 3224 2388 3224" 
                    HPOS="355"
                    VPOS="3096"
                    WIDTH="2033"
                    HEIGHT="186">
            <Shape><Polygon POINTS="355 3224 355 3261 372 3279 375 3279 379 3279 382 3282 661 3282 661 3279 665 3279 668 3279 692 3258 792 3279 796 3279 920 3258 982 3279 985 3279 989 3279 992 3279 1068 3258 1261 3275 1264 3275 1268 3275 1309 3258 1326 3275 1326 3279 1330 3279 1333 3279 1337 3279 1340 3279 1395 3258 1557 3279 1561 3279 1754 3261 1899 3279 1902 3279 1906 3279 1909 3279 1909 3275 1930 3258 2036 3279 2040 3279 2043 3279 2099 3258 2133 3279 2136 3279 2140 3279 2143 3282 2309 3282 2309 3279 2312 3279 2388 3255 2388 3224 2388 3120 2099 3096 2095 3096 2092 3096 2047 3117 1999 3096 1995 3096 1992 3096 1988 3096 1940 3117 1775 3096 1771 3096 1768 3096 1723 3120 1526 3120 1378 3096 1375 3096 1371 3096 1299 3117 1278 3096 1275 3096 1271 3096 1268 3096 1264 3096 1261 3096 1227 3117 1099 3100 1096 3100 937 3117 816 3096 813 3096 809 3096 737 3117 575 3096 572 3096 568 3096 565 3096 541 3117 355 3117 355 3224"/></Shape>
            <String CONTENT="quelque bien/ tu le faictz a la personne"
                    HPOS="355"
                    VPOS="3096"
                    WIDTH="2033"
                    HEIGHT="186"
                    WC="0.9894448056817055"></String>
          </TextLine>
          <TextLine ID="eSc_line_2d60c9ec"
                    TAGREFS="LT8"
                    BASELINE="365 3365 2381 3365" 
                    HPOS="365"
                    VPOS="3244"
                    WIDTH="2016"
                    HEIGHT="186">
            <Shape><Polygon POINTS="365 3365 365 3403 554 3427 558 3430 692 3430 692 3427 696 3427 699 3427 727 3406 965 3406 999 3427 1002 3427 1006 3427 1009 3430 1247 3430 1247 3427 1251 3427 1254 3427 1254 3423 1271 3410 1406 3427 1409 3427 2381 3410 2381 3365 2381 3258 2336 3244 2333 3244 2329 3244 2326 3244 2278 3272 2140 3272 2078 3244 2074 3244 2071 3244 2068 3244 1985 3268 1930 3244 1926 3244 1923 3244 1792 3268 1681 3244 1678 3244 1554 3268 1506 3244 1502 3244 1499 3244 1495 3244 1440 3265 1385 3244 1382 3244 1378 3244 1254 3268 1227 3248 1227 3244 1223 3244 1220 3244 1216 3244 1006 3265 982 3244 978 3244 975 3244 875 3244 872 3244 868 3244 792 3268 685 3244 682 3244 678 3244 675 3244 675 3248 647 3272 423 3272 396 3248 392 3248 389 3248 386 3248 382 3248 379 3248 365 3258 365 3365"/></Shape>
            <String CONTENT="de nostre Seigñr Iesu Christ. Car il"
                    HPOS="365"
                    VPOS="3244"
                    WIDTH="2016"
                    HEIGHT="186"
                    WC="0.9981948974970225"></String>
          </TextLine>
          <TextLine ID="eSc_line_7b486504"
                    TAGREFS="LT8"
                    BASELINE="372 3506 2240 3513 2360 3527" 
                    HPOS="368"
                    VPOS="3385"
                    WIDTH="1992"
                    HEIGHT="180">
            <Shape><Polygon POINTS="372 3506 368 3540 1606 3565 1609 3565 2357 3547 2360 3527 2347 3389 2323 3406 2236 3389 2233 3389 2116 3406 1854 3389 1850 3389 1847 3389 1788 3406 1420 3406 1364 3385 1361 3385 1357 3385 1244 3403 1161 3385 1158 3385 1154 3385 1109 3403 989 3385 985 3385 982 3385 913 3403 847 3385 844 3385 840 3385 372 3392 372 3506"/></Shape>
            <String CONTENT="dit en lEuãgile. Tout ce q̃ uous fai¬"
                    HPOS="368"
                    VPOS="3385"
                    WIDTH="1992"
                    HEIGHT="180"
                    WC="0.9962474703788757"></String>
          </TextLine>
          <TextLine ID="eSc_line_d00652c9"
                    TAGREFS="LT8"
                    BASELINE="375 3647 2357 3654" 
                    HPOS="372"
                    VPOS="3534"
                    WIDTH="1961"
                    HEIGHT="186">
            <Shape><Polygon POINTS="372 3685 785 3689 816 3713 820 3713 823 3713 827 3713 830 3713 885 3692 982 3713 985 3713 1313 3692 1368 3716 1371 3716 1375 3716 1554 3695 1609 3716 1613 3716 1616 3720 1754 3720 1754 3716 1757 3716 1799 3695 1861 3716 1864 3716 1868 3720 2071 3720 2071 3716 2074 3716 2078 3716 2105 3695 2326 3713 2333 3654 2323 3537 2250 3558 2216 3537 2212 3537 2209 3537 1926 3537 1923 3537 1919 3537 1847 3561 1719 3561 1688 3537 1685 3537 1681 3537 1678 3537 1675 3537 1599 3558 1451 3558 1433 3540 1433 3537 1430 3537 1426 3537 1423 3537 996 3554 875 3534 872 3534 868 3534 806 3551 696 3534 692 3534 689 3534 627 3554 475 3537 472 3537 375 3551 375 3647"/></Shape>
            <String CONTENT="ctes a un des moindres des miẽs uoꝰ"
                    HPOS="372"
                    VPOS="3534"
                    WIDTH="1961"
                    HEIGHT="186"
                    WC="0.9933248460292816"></String>
          </TextLine>
          <TextLine ID="eSc_line_eddee89c"
                    TAGREFS="LT8"
                    BASELINE="372 3792 2378 3809" 
                    HPOS="368"
                    VPOS="3675"
                    WIDTH="2010"
                    HEIGHT="200">
            <Shape><Polygon POINTS="372 3792 368 3830 613 3861 616 3864 813 3864 813 3861 816 3861 820 3861 844 3840 892 3864 896 3864 899 3868 1002 3868 1002 3864 1006 3864 1009 3864 1009 3861 1030 3844 1137 3857 1140 3857 1144 3857 1147 3857 1171 3840 1247 3868 1251 3868 1254 3871 1423 3871 1423 3868 1426 3868 1485 3844 1568 3844 1616 3871 1619 3871 1623 3871 1626 3871 1630 3871 1633 3871 1671 3847 1819 3847 1888 3871 1892 3871 1895 3871 1899 3871 1988 3850 2095 3875 2099 3875 2102 3875 2154 3854 2371 3861 2378 3809 2374 3702 951 3702 927 3682 923 3682 920 3682 713 3678 710 3678 706 3678 703 3678 672 3702 575 3702 530 3678 527 3678 523 3678 520 3678 479 3699 461 3682 461 3678 458 3678 454 3678 372 3675 372 3792"/></Shape>
            <String CONTENT="lauez faictz a moy. Pourtãt qui faict"
                    HPOS="368"
                    VPOS="3675"
                    WIDTH="2010"
                    HEIGHT="200"
                    WC="0.9999354497382515"></String>
          </TextLine>
          <TextLine ID="eSc_line_a8bb186c"
                    TAGREFS="LT8"
                    BASELINE="368 3937 2364 3957" 
                    HPOS="365"
                    VPOS="3823"
                    WIDTH="1999"
                    HEIGHT="193">
            <Shape><Polygon POINTS="368 3937 365 3995 1961 3995 2099 4016 2102 4016 2360 3995 2364 3957 2357 3844 2112 3857 2033 3837 2030 3837 2026 3837 1947 3854 1878 3837 1874 3837 1871 3837 1271 3847 1251 3830 1247 3830 1244 3830 1240 3830 1237 3830 1171 3847 472 3844 451 3823 448 3823 444 3823 441 3823 368 3837 368 3937"/></Shape>
            <String CONTENT="bien aux paoures/ il faict biẽ a Dieu/"
                    HPOS="365"
                    VPOS="3823"
                    WIDTH="1999"
                    HEIGHT="193"
                    WC="0.9858996959832999"></String>
          </TextLine>
          <TextLine ID="eSc_line_fd0ad700"
                    TAGREFS="LT8"
                    BASELINE="368 4088 2385 4098" 
                    HPOS="365"
                    VPOS="3968"
                    WIDTH="2020"
                    HEIGHT="196">
            <Shape><Polygon POINTS="368 4088 365 4129 410 4154 413 4154 417 4154 420 4154 475 4133 582 4154 585 4154 954 4133 985 4154 989 4154 992 4154 1120 4157 1123 4157 1837 4140 1881 4160 1885 4160 1888 4164 2068 4164 2068 4160 2071 4160 2074 4160 2074 4157 2095 4140 2247 4157 2250 4157 2254 4157 2298 4140 2329 4160 2333 4160 2336 4160 2340 4160 2343 4160 2381 4140 2385 4098 2381 3974 2326 3974 2323 3974 2319 3974 2316 3974 2316 3978 2285 4002 2040 3985 2036 3985 2033 3985 2030 3985 2005 4002 1906 3974 1902 3974 1899 3974 1771 4002 1385 4002 1357 3981 1354 3981 1351 3981 1347 3981 1192 3999 1147 3971 1144 3971 1140 3971 1027 3968 1023 3968 909 3971 906 3971 903 3971 875 3992 830 3971 827 3971 823 3971 820 3971 816 3971 796 3988 758 3968 754 3968 530 3968 527 3968 368 3992 368 4088"/></Shape>
            <String CONTENT="et qͥ faict mal aux paoures il fait mal"
                    HPOS="365"
                    VPOS="3968"
                    WIDTH="2020"
                    HEIGHT="196"
                    WC="0.994836429754893"></String>
          </TextLine>
          <TextLine ID="eSc_line_1c16818d"
                    TAGREFS="LT8"
                    BASELINE="372 4233 2388 4250" 
                    HPOS="368"
                    VPOS="4119"
                    WIDTH="2020"
                    HEIGHT="200">
            <Shape><Polygon POINTS="372 4233 368 4274 768 4274 851 4305 854 4305 858 4305 861 4305 916 4278 1068 4278 1116 4298 1120 4298 1123 4298 1199 4288 1223 4309 1227 4309 1230 4309 1233 4312 1454 4312 1454 4309 1457 4309 1519 4284 1578 4312 1582 4312 1585 4312 1588 4312 1668 4284 1723 4312 1726 4312 1730 4315 1730 4312 1733 4312 1788 4284 1874 4312 1878 4312 1881 4312 1885 4312 1888 4312 1888 4309 1916 4284 2016 4315 2019 4315 2023 4319 2243 4319 2243 4315 2247 4315 2250 4315 2295 4288 2385 4288 2388 4250 2388 4157 2316 4133 2312 4133 2309 4133 1189 4147 1058 4123 1054 4123 792 4143 699 4119 696 4119 692 4119 689 4119 603 4140 575 4119 572 4119 568 4119 461 4119 458 4119 372 4136 372 4233"/></Shape>
            <String CONTENT="a Dieu: ⁊ tu ne peuz en nulles choses"
                    HPOS="368"
                    VPOS="4119"
                    WIDTH="2020"
                    HEIGHT="200"
                    WC="0.9921768307685852"></String>
          </TextLine>
          <TextLine ID="eSc_line_79569575"
                    TAGREFS="LT8"
                    BASELINE="372 4377 2409 4391" 
                    HPOS="368"
                    VPOS="4267"
                    WIDTH="2041"
                    HEIGHT="186">
            <Shape><Polygon POINTS="372 4377 368 4419 692 4439 696 4439 699 4439 744 4426 761 4443 765 4443 768 4443 772 4443 961 4429 1023 4450 1027 4450 1030 4453 1340 4453 1340 4450 1344 4450 1347 4450 1347 4446 1361 4436 1382 4453 1385 4453 1389 4453 1392 4453 2405 4439 2409 4391 2409 4305 2040 4305 2009 4278 2005 4278 2002 4278 1999 4278 1995 4278 1906 4302 1812 4278 1809 4278 1806 4278 1802 4278 1799 4278 1771 4302 1540 4302 1482 4274 1478 4274 1475 4274 1471 4274 1392 4298 1237 4298 1206 4271 1202 4271 1199 4271 1196 4271 958 4288 889 4267 885 4267 882 4267 878 4267 875 4267 844 4288 820 4271 820 4267 816 4267 813 4267 809 4267 492 4284 372 4267 372 4377"/></Shape>
            <String CONTENT="du mõde mieux employer tes biens/ ⁊"
                    HPOS="368"
                    VPOS="4267"
                    WIDTH="2041"
                    HEIGHT="186"
                    WC="0.9988435606161753"></String>
          </TextLine>
          <TextLine ID="eSc_line_fa0c9450"
                    TAGREFS="LT8"
                    BASELINE="379 4532 2405 4532" 
                    HPOS="379"
                    VPOS="4422"
                    WIDTH="2026"
                    HEIGHT="203">
            <Shape><Polygon POINTS="379 4532 379 4594 479 4591 510 4615 510 4619 513 4619 517 4619 520 4619 585 4605 613 4622 616 4622 620 4622 623 4622 627 4622 713 4591 813 4622 816 4622 820 4625 1061 4625 1061 4622 1065 4622 1116 4594 1189 4622 1192 4622 1196 4622 1199 4622 1202 4622 1251 4591 1357 4622 1361 4622 1364 4625 1530 4625 1530 4622 1533 4622 1537 4622 1585 4591 1695 4591 1737 4622 1740 4622 1744 4622 1747 4622 1750 4622 1837 4598 1871 4622 1874 4622 1878 4622 1881 4625 1957 4625 1957 4622 1961 4622 2033 4591 2402 4605 2405 4532 2405 4439 2261 4422 2257 4422 2254 4422 2250 4422 2223 4446 2140 4446 2019 4422 2016 4422 2012 4422 2009 4422 2009 4426 1988 4446 1837 4446 1809 4426 1806 4426 1802 4426 1799 4426 1795 4426 1792 4426 1764 4446 1254 4446 1185 4422 1182 4422 1178 4422 996 4443 896 4422 892 4422 889 4422 803 4443 610 4422 606 4422 603 4422 551 4443 527 4422 523 4422 520 4422 379 4422 379 4532"/></Shape>
            <String CONTENT="tes aumosnes q̃ aux paoures. Car la"
                    HPOS="379"
                    VPOS="4422"
                    WIDTH="2026"
                    HEIGHT="203"
                    WC="0.9815256357192993"></String>
          </TextLine>
        </TextBlock>
        <TextBlock HPOS="1510"
                   VPOS="4589"
                   WIDTH="931"
                   HEIGHT="149"
                   ID="eSc_textblock_b2129d4e"
                   TAGREFS="BT17">
          <Shape><Polygon POINTS="1525 4589 1510 4738 2441 4738 2441 4589"/></Shape>
          <TextLine ID="eSc_line_a307dc2a"
                    TAGREFS="LT8"
                    BASELINE="1547 4694 2405 4681" 
                    HPOS="1544"
                    VPOS="4563"
                    WIDTH="861"
                    HEIGHT="235">
            <Shape><Polygon POINTS="1547 4694 1547 4767 1613 4784 1616 4784 1619 4784 1688 4760 1740 4794 1744 4794 1747 4794 1750 4794 1754 4794 1843 4756 1899 4774 1902 4774 1906 4774 1909 4774 1992 4753 2030 4784 2033 4784 2036 4784 2040 4784 2105 4770 2181 4798 2185 4798 2188 4798 2336 4794 2340 4794 2405 4763 2405 4681 2398 4591 2185 4570 2181 4570 2178 4570 2123 4591 2054 4563 2050 4563 2047 4563 2043 4563 2040 4563 1988 4612 1899 4612 1850 4574 1847 4574 1843 4574 1840 4574 1837 4574 1833 4574 1833 4577 1795 4615 1726 4615 1671 4570 1668 4570 1664 4570 1661 4570 1544 4570 1547 4694"/></Shape>
            <String CONTENT="O 3 saincte"
                    HPOS="1544"
                    VPOS="4563"
                    WIDTH="861"
                    HEIGHT="235"
                    WC="0.9751212055032904"></String>
          </TextLine>
        </TextBlock>
        <TextBlock HPOS="2373"
                   VPOS="3427"
                   WIDTH="456"
                   HEIGHT="187"
                   ID="eSc_textblock_321b738d"
                   TAGREFS="BT13">
          <Shape><Polygon POINTS="2373 3427 2373 3614 2829 3614 2829 3427"/></Shape>
          <TextLine ID="eSc_line_7a8833e2"
                    TAGREFS="LT8"
                    BASELINE="2388 3551 2447 3551 2812 3551" 
                    HPOS="2364"
                    VPOS="3410"
                    WIDTH="448"
                    HEIGHT="227">
            <Shape><Polygon POINTS="2374 3410 2367 3530 2364 3596 2578 3627 2581 3627 2585 3627 2653 3602 2688 3633 2691 3633 2695 3633 2698 3637 2809 3637 2812 3551 2812 3465 2798 3451"/></Shape>
            <String CONTENT="Mat.24"
                    HPOS="2364"
                    VPOS="3410"
                    WIDTH="448"
                    HEIGHT="227"
                    ></String>
          </TextLine>
        </TextBlock>
      </PrintSpace>
    </Page>
  </Layout>
</alto>
