4267 6400
2528 656 250 245 29

1072 624 826 245 Chapitre .iii.

426 842 2109 199 Car nous ne faisons point serment a

433 1002 2095 196 un hõme/ mais a dieu: et ne ꝓmettõs

433 1152 2084 188 point de garder la reigle dun hõme/

437 1297 2084 196 mais la reigle de Leuãgile: nostre ꝓ¬

437 1450 2091 185 messe est selõ dieu celle des moines est

433 1596 2095 199 contre, inuẽtee des hõmes. Te semble

426 1749 2098 192 il encore que cest petite chose de estre

408 1895 2109 188 Chrestien quãd tu a promis a Iesu¬

419 2051 2094 185 christ de amẽder ta uie/ et ne uouloir

430 2200 2083 192 uiure selon le mõde/ ne selon la chair?

419 2346 2094 206 Cest grãd chose dẽtendre la foy Chre¬

440 2513 2077 182 stienne/ laquelle peu de gens con¬

423 2641 2090 185 gnoissent et q̃lle chose elle cõtiẽt, mes¬

430 2798 2087 188 mement de ceux/ qui selon le monde

432 2949 1909 176 semblent estre fort saiges ⁊ literez.

476 3093 2041 203 Mais aucun porroit dire/ Ie nay riẽ

448 3239 2065 213 promis a dieu/ iestoie un enfant. Lais

465 3392 2045 202 sez tenir celuy/ qͥ le a ꝓmis pour moy.

458 3534 2055 217 Poͬ ceste cause affin q̃ nul ne se peust

455 3687 2055 206 excuser: il estoit iadiz constitue que

448 3829 2069 220 nul ne feust baptise/ deuant quil fust

458 3985 2045 207 uenu a entẽdement/ et cõgnoissance/

455 4138 2048 203 affin quil peust luy mesme ꝓmettre/

440 4291 2077 206 et renoncer au diable/ et quil sceust q̃l¬

448 4433 2062 217 le chose il auoit ꝓmis. Si nestoit que

444 4583 2080 252 les enfans fussent foibles/ et en peril

2361 4757 160 206 de
