<?xml version="1.0" encoding="UTF-8"?>
<alto xmlns:xsi="http://www.w3.org/2001/XMLSchema-instance"
      xmlns="http://www.loc.gov/standards/alto/ns-v4#"
      xsi:schemaLocation="http://www.loc.gov/standards/alto/ns-v4# http://www.loc.gov/standards/alto/v4/alto-4-2.xsd">
  <Description>
    <MeasurementUnit>pixel</MeasurementUnit>
    <sourceImageInformation>
      <fileName>La_somme_de_lescripture_saincte_...Luther_Martin_bpt6k328613m.pdf_page_209.png</fileName>
      <fileIdentifier>pdf//La_somme_de_lescripture_saincte_...Luther_Martin_bpt6k328613m.pdf</fileIdentifier>
    </sourceImageInformation>
  </Description>
  <Tags>
    <OtherTag ID="BT7" LABEL="CustomZone" DESCRIPTION="block type CustomZone"/><OtherTag ID="BT8" LABEL="DamageZone" DESCRIPTION="block type DamageZone"/><OtherTag ID="BT9" LABEL="DigitizationArtefactZone" DESCRIPTION="block type DigitizationArtefactZone"/><OtherTag ID="BT10" LABEL="DropCapitalZone" DESCRIPTION="block type DropCapitalZone"/><OtherTag ID="BT11" LABEL="GraphicZone" DESCRIPTION="block type GraphicZone"/><OtherTag ID="BT12" LABEL="MainZone" DESCRIPTION="block type MainZone"/><OtherTag ID="BT13" LABEL="MarginTextZone" DESCRIPTION="block type MarginTextZone"/><OtherTag ID="BT14" LABEL="MusicZone" DESCRIPTION="block type MusicZone"/><OtherTag ID="BT15" LABEL="NumberingZone" DESCRIPTION="block type NumberingZone"/><OtherTag ID="BT17" LABEL="QuireMarksZone" DESCRIPTION="block type QuireMarksZone"/><OtherTag ID="BT18" LABEL="RunningTitleZone" DESCRIPTION="block type RunningTitleZone"/><OtherTag ID="BT19" LABEL="SealZone" DESCRIPTION="block type SealZone"/><OtherTag ID="BT20" LABEL="StampZone" DESCRIPTION="block type StampZone"/><OtherTag ID="BT21" LABEL="TableZone" DESCRIPTION="block type TableZone"/><OtherTag ID="BT22" LABEL="TitlePageZone" DESCRIPTION="block type TitlePageZone"/><OtherTag ID="BT3120" LABEL="text" DESCRIPTION="block type text"/>
    <OtherTag ID="LT7" LABEL="CustomLine" DESCRIPTION="line type CustomLine"/><OtherTag ID="LT8" LABEL="DefaultLine" DESCRIPTION="line type DefaultLine"/><OtherTag ID="LT9" LABEL="DropCapitalLine" DESCRIPTION="line type DropCapitalLine"/><OtherTag ID="LT10" LABEL="HeadingLine" DESCRIPTION="line type HeadingLine"/><OtherTag ID="LT11" LABEL="InterlinearLine" DESCRIPTION="line type InterlinearLine"/><OtherTag ID="LT12" LABEL="MusicLine" DESCRIPTION="line type MusicLine"/><OtherTag ID="LT958" LABEL="default" DESCRIPTION="line type default"/>
  </Tags>
  <Layout>
    <Page WIDTH="4267"
          HEIGHT="6200"
          PHYSICAL_IMG_NR="208"
          ID="eSc_dummypage_">
      <PrintSpace HPOS="0"
                  VPOS="0"
                  WIDTH="4267"
                  HEIGHT="6200">
        <TextBlock HPOS="2278"
                   VPOS="654"
                   WIDTH="359"
                   HEIGHT="166"
                   ID="eSc_textblock_606495bb"
                   TAGREFS="BT15">
          <Shape><Polygon POINTS="2278 654 2278 820 2637 820 2637 654"/></Shape>
          <TextLine ID="eSc_line_ddc13a29"
                    TAGREFS="LT8"
                    BASELINE="2316 785 2603 787" 
                    HPOS="2312"
                    VPOS="657"
                    WIDTH="324"
                    HEIGHT="180">
            <Shape><Polygon POINTS="2519 657 2485 657 2471 664 2460 657 2450 657 2416 657 2381 657 2367 657 2312 668 2316 785 2316 819 2426 812 2547 837 2550 837 2553 837 2636 806 2636 781 2629 668 2585 657 2553 657"/></Shape>
            <String CONTENT="205"
                    HPOS="2312"
                    VPOS="657"
                    WIDTH="324"
                    HEIGHT="180"
                    WC="0.9999996423721313"></String>
          </TextLine>
        </TextBlock>
        <TextBlock HPOS="988"
                   VPOS="657"
                   WIDTH="1026"
                   HEIGHT="172"
                   ID="eSc_textblock_f48dd0c2"
                   TAGREFS="BT18">
          <Shape><Polygon POINTS="988 657 994 827 2014 829 2014 657"/></Shape>
          <TextLine ID="eSc_line_bd9892ef"
                    TAGREFS="LT10"
                    BASELINE="1021 777 1985 781" 
                    HPOS="1002"
                    VPOS="647"
                    WIDTH="983"
                    HEIGHT="193">
            <Shape><Polygon POINTS="1902 654 1868 654 1840 651 1778 664 1702 664 1681 651 1661 651 1626 651 1592 651 1585 651 1554 657 1530 651 1523 651 1488 651 1454 651 1420 647 1416 647 1354 657 1337 647 1316 647 1282 647 1247 647 1213 647 1178 647 1144 647 1109 647 1075 647 1040 647 1006 651 1006 771 1002 809 1054 833 1058 833 1061 833 1499 816 1668 840 1671 840 1981 816 1985 781 1985 664 1947 654 1937 654"/></Shape>
            <String CONTENT="Chapitre .xxiiii."
                    HPOS="1002"
                    VPOS="647"
                    WIDTH="983"
                    HEIGHT="193"
                    WC="0.9921271765933317"></String>
          </TextLine>
        </TextBlock>
        <TextBlock HPOS="383"
                   VPOS="829"
                   WIDTH="2071"
                   HEIGHT="3834"
                   ID="eSc_textblock_ecda0303"
                   TAGREFS="BT12">
          <Shape><Polygon POINTS="389 829 383 4663 2447 4660 2405 3744 2446 2543 2440 1660 2423 1492 2454 1244 2447 829"/></Shape>
          <TextLine ID="eSc_line_06657fe5"
                    TAGREFS="LT8"
                    BASELINE="434 950 2435 952" 
                    HPOS="430"
                    VPOS="809"
                    WIDTH="2041"
                    HEIGHT="200">
            <Shape><Polygon POINTS="458 812 430 843 434 950 437 1005 482 985 637 1005 641 1009 744 1009 744 1005 747 1005 751 1005 751 1002 772 985 1099 985 1120 1002 1120 1005 1123 1005 1127 1005 1130 1005 1133 1005 1196 985 1271 985 1292 1002 1292 1005 1295 1005 1299 1005 1302 1005 1306 1005 1378 988 1440 1005 1444 1005 1447 1005 1626 981 1688 1002 1692 1002 1695 1002 1699 1002 1781 981 1919 1002 1923 1002 2164 985 2398 1002 2402 1002 2405 1002 2471 978 2471 943 2464 843 1968 843 1933 816 1930 816 1926 816 1923 816 1919 816 1916 816 1888 837 1857 809 1854 809 1850 809 1616 809 1613 809 1609 809 1530 840 1406 812 1402 812 1285 840 1233 812 1230 812 1227 812 1223 812 1158 843 1006 823 1002 823 823 843 799 823 799 819 796 819 792 819 699 812 696 812"/></Shape>
            <String CONTENT="les paoures qui te doibuent: car tu ne"
                    HPOS="430"
                    VPOS="809"
                    WIDTH="2041"
                    HEIGHT="200"
                    WC="0.9986646614576641"></String>
          </TextLine>
          <TextLine ID="eSc_line_80b6f783"
                    TAGREFS="LT8"
                    BASELINE="437 1098 2430 1098" 
                    HPOS="434"
                    VPOS="966"
                    WIDTH="1991"
                    HEIGHT="191">
            <Shape><Polygon POINTS="434 1095 434 1157 2425 1141 2425 1095 2420 966 434 981 434 1095"/></Shape>
            <String CONTENT="le peux faire sans peche/ cõme dit Ie¬"
                    HPOS="434"
                    VPOS="966"
                    WIDTH="1991"
                    HEIGHT="191"
                    WC="0.9737058954361157"></String>
          </TextLine>
          <TextLine ID="eSc_line_a387ffa8"
                    TAGREFS="LT8"
                    BASELINE="451 1243 2429 1250" 
                    HPOS="448"
                    VPOS="1122"
                    WIDTH="1981"
                    HEIGHT="186">
            <Shape><Polygon POINTS="451 1243 448 1295 644 1281 710 1302 713 1302 716 1302 720 1302 723 1302 751 1281 775 1302 778 1302 782 1302 785 1305 885 1305 885 1302 889 1302 978 1281 1089 1302 1092 1302 1096 1302 1099 1302 1099 1298 1120 1281 1209 1281 1258 1302 1261 1302 1264 1302 1268 1302 1271 1302 1295 1281 1426 1281 1444 1302 1447 1302 1447 1305 1451 1305 1454 1305 1457 1305 1461 1305 1540 1284 1616 1305 1619 1305 1623 1305 1626 1305 1668 1284 1850 1305 1854 1305 1950 1284 1974 1305 1978 1305 1981 1305 1985 1308 2130 1308 2130 1305 2133 1305 2136 1305 2136 1302 2154 1288 2178 1305 2181 1305 2185 1305 2188 1305 2192 1305 2247 1288 2423 1305 2429 1250 2426 1129 451 1122 451 1243"/></Shape>
            <String CONTENT="su Christ en lEuãgile. Ne resistez (dist"
                    HPOS="448"
                    VPOS="1122"
                    WIDTH="1981"
                    HEIGHT="186"
                    WC="0.9976164553223587"></String>
          </TextLine>
          <TextLine ID="eSc_line_fd79c2be"
                    TAGREFS="LT8"
                    BASELINE="444 1391 2423 1391" 
                    HPOS="444"
                    VPOS="1267"
                    WIDTH="1979"
                    HEIGHT="183">
            <Shape><Polygon POINTS="444 1391 448 1450 496 1429 561 1450 565 1450 568 1450 758 1429 861 1450 865 1450 868 1450 872 1450 872 1446 892 1429 1009 1429 1030 1446 1030 1450 1034 1450 1037 1450 1040 1450 1044 1450 1130 1429 1268 1450 1271 1450 1416 1432 1492 1450 1495 1450 1499 1450 1502 1450 1551 1429 1640 1429 1668 1450 1671 1450 1675 1450 1678 1450 1809 1429 2147 1450 2150 1450 2154 1450 2157 1450 2195 1429 2354 1429 2416 1450 2423 1391 2423 1288 2274 1271 2271 1271 2267 1271 2264 1271 2230 1291 2064 1274 2061 1274 2057 1274 2054 1274 2054 1277 2036 1295 1854 1295 1802 1267 1799 1267 1795 1267 1630 1284 1547 1267 1544 1267 1540 1267 1485 1288 1454 1267 1451 1267 1447 1267 1292 1267 1289 1267 1285 1267 1282 1267 1254 1288 1233 1267 1230 1267 1227 1267 1120 1267 1116 1267 992 1291 906 1271 903 1271 899 1271 896 1271 840 1291 768 1267 765 1267 761 1267 758 1267 754 1267 754 1271 730 1295 613 1295 585 1271 585 1267 582 1267 579 1267 513 1267 510 1267 506 1267 444 1291 444 1391"/></Shape>
            <String CONTENT="il) point a mal. Mais quiconques te"
                    HPOS="444"
                    VPOS="1267"
                    WIDTH="1979"
                    HEIGHT="183"
                    WC="0.9971274818692889"></String>
          </TextLine>
          <TextLine ID="eSc_line_d230b6bf"
                    TAGREFS="LT8"
                    BASELINE="441 1529 2404 1543" 
                    HPOS="434"
                    VPOS="1410"
                    WIDTH="1965"
                    HEIGHT="171">
            <Shape><Polygon POINTS="439 1524 434 1581 2394 1581 2399 1539 2394 1410 439 1410 439 1524"/></Shape>
            <String CONTENT="aura frappe dune beuffe en la ioue de¬"
                    HPOS="434"
                    VPOS="1410"
                    WIDTH="1965"
                    HEIGHT="171"
                    WC="0.9811155529398667"></String>
          </TextLine>
          <TextLine ID="eSc_line_0088fa21"
                    TAGREFS="LT8"
                    BASELINE="454 1674 2421 1691" 
                    HPOS="444"
                    VPOS="1560"
                    WIDTH="1976"
                    HEIGHT="186">
            <Shape><Polygon POINTS="449 1674 444 1725 2410 1746 2420 1689 2415 1575 449 1560 449 1674"/></Shape>
            <String CONTENT="xtre/ tourne luy pareillement lautre."
                    HPOS="444"
                    VPOS="1560"
                    WIDTH="1976"
                    HEIGHT="186"
                    WC="0.9863750612413561"></String>
          </TextLine>
          <TextLine ID="eSc_line_959d1c74"
                    TAGREFS="LT8"
                    BASELINE="444 1822 2409 1835" 
                    HPOS="441"
                    VPOS="1698"
                    WIDTH="1968"
                    HEIGHT="196">
            <Shape><Polygon POINTS="444 1822 441 1870 820 1860 847 1880 851 1880 854 1880 858 1880 978 1866 1061 1884 1065 1884 1068 1884 1071 1884 1096 1863 1285 1863 1309 1884 1313 1884 1316 1884 1454 1887 1457 1887 1461 1887 1519 1866 1571 1887 1575 1887 1578 1887 1681 1866 1706 1887 1709 1887 1713 1887 1716 1887 1843 1870 1912 1891 1916 1891 1919 1894 2312 1894 2312 1891 2316 1891 2405 1866 2409 1835 2409 1729 2295 1708 2292 1708 2071 1729 2016 1708 2012 1708 2009 1708 1671 1725 1554 1705 1551 1705 1547 1705 1478 1725 1392 1701 1389 1701 1385 1701 940 1722 906 1698 903 1698 899 1698 896 1698 772 1718 444 1701 444 1822"/></Shape>
            <String CONTENT="Et a celuy qui te ueult mener par for"
                    HPOS="441"
                    VPOS="1698"
                    WIDTH="1968"
                    HEIGHT="196"
                    WC="0.9914136641734356"></String>
          </TextLine>
          <TextLine ID="eSc_line_7d45d5f7"
                    TAGREFS="LT8"
                    BASELINE="437 1963 2402 1980" 
                    HPOS="434"
                    VPOS="1846"
                    WIDTH="1968"
                    HEIGHT="189">
            <Shape><Polygon POINTS="437 1963 434 2015 830 2001 1002 2001 1051 2025 1054 2025 1058 2028 1182 2028 1182 2025 1185 2025 1189 2025 1209 2004 1258 2028 1261 2028 1264 2028 1268 2028 1344 2008 1364 2028 1368 2028 1371 2028 1375 2028 1781 2011 1806 2032 1809 2032 1812 2032 1816 2032 1819 2032 1868 2015 1930 2032 1933 2032 1937 2035 1937 2032 1940 2032 2005 2015 2088 2035 2092 2035 2095 2035 2398 2032 2402 1980 2398 1860 2298 1877 1885 1856 1881 1856 1661 1873 1619 1853 1616 1853 1613 1853 1444 1870 1223 1849 1220 1849 1040 1866 734 1846 730 1846 727 1846 723 1846 699 1863 437 1863 437 1963"/></Shape>
            <String CONTENT="ce au droit/ et oster ta chemise ou saion"
                    HPOS="434"
                    VPOS="1846"
                    WIDTH="1968"
                    HEIGHT="189"
                    WC="0.9996056789305152"></String>
          </TextLine>
          <TextLine ID="eSc_line_c6cf35f0"
                    TAGREFS="LT8"
                    BASELINE="423 2101 2398 2132" 
                    HPOS="420"
                    VPOS="1977"
                    WIDTH="1978"
                    HEIGHT="213">
            <Shape><Polygon POINTS="423 2101 420 2132 647 2166 651 2170 778 2170 778 2166 782 2166 847 2142 920 2170 923 2170 927 2170 1075 2149 1099 2170 1102 2170 1106 2170 1220 2173 1223 2173 1227 2173 1289 2149 1323 2176 1326 2176 1330 2176 1333 2176 1488 2152 1595 2180 1599 2180 1602 2180 1737 2159 2188 2190 2192 2190 2195 2190 2292 2166 2343 2190 2347 2190 2350 2190 2395 2180 2398 2132 2392 2015 2195 2028 2154 2001 2150 2001 2147 2001 2143 2001 1992 2025 1930 1997 1926 1997 1923 1997 1792 2015 1647 1994 1644 1994 1519 2018 1282 2011 1254 1987 1251 1987 1247 1987 1244 1987 1075 2011 913 2011 882 1984 878 1984 875 1984 872 1984 868 1984 823 2004 799 1984 799 1980 796 1980 792 1980 678 1980 675 1980 672 1980 668 1980 668 1984 644 2001 606 1977 603 1977 599 1977 596 1977 592 1977 589 1977 558 1997 541 1980 537 1980 534 1980 530 1980 423 1984 423 2101"/></Shape>
            <String CONTENT="delaisse luy aussi ta robbe. Et celuy qͥ"
                    HPOS="420"
                    VPOS="1977"
                    WIDTH="1978"
                    HEIGHT="213"
                    WC="0.9981258347630501"></String>
          </TextLine>
          <TextLine ID="eSc_line_8ed8cafb"
                    TAGREFS="LT8"
                    BASELINE="427 2256 2421 2273" 
                    HPOS="418"
                    VPOS="2118"
                    WIDTH="2002"
                    HEIGHT="212">
            <Shape><Polygon POINTS="2291 2128 2286 2128 2224 2159 1763 2159 1711 2123 1706 2123 1701 2123 1453 2123 1448 2123 1443 2123 1339 2149 1272 2123 1267 2123 1261 2123 1256 2123 1158 2149 910 2118 905 2118 698 2144 424 2118 424 2252 418 2319 2410 2330 2420 2268 2420 2154 2296 2128 2291 2128"/></Shape>
            <String CONTENT="te aura cõtrainct daller une lieue/ ua"
                    HPOS="418"
                    VPOS="2118"
                    WIDTH="2002"
                    HEIGHT="212"
                    WC="0.9865730588252728"></String>
          </TextLine>
          <TextLine ID="eSc_line_0349081e"
                    TAGREFS="LT8"
                    BASELINE="410 2393 2416 2421" 
                    HPOS="406"
                    VPOS="2280"
                    WIDTH="2010"
                    HEIGHT="203">
            <Shape><Polygon POINTS="410 2393 406 2449 654 2435 820 2459 823 2459 827 2459 830 2459 851 2438 906 2462 909 2462 913 2462 916 2462 965 2449 1164 2466 1168 2466 1171 2466 1175 2466 1206 2445 1409 2445 1661 2473 1664 2473 1899 2452 1933 2476 1937 2476 1940 2476 1943 2476 1947 2476 2023 2455 2043 2476 2047 2476 2050 2476 2054 2476 2157 2462 2226 2480 2230 2480 2233 2480 2236 2480 2240 2480 2261 2462 2281 2480 2285 2480 2288 2480 2292 2483 2412 2483 2416 2421 2416 2325 2367 2304 2364 2304 2360 2304 1923 2318 1892 2297 1888 2297 1885 2297 1881 2297 1878 2297 1819 2314 1568 2314 1551 2297 1551 2294 1547 2294 1544 2294 1540 2294 1430 2311 1406 2290 1402 2290 1399 2290 1395 2290 1392 2290 1323 2307 1306 2290 1302 2290 1299 2290 1295 2290 923 2304 903 2287 903 2283 899 2283 896 2283 892 2283 889 2283 840 2300 741 2283 737 2283 520 2297 503 2283 503 2280 499 2280 496 2280 492 2280 410 2297 410 2393"/></Shape>
            <String CONTENT="auec luy deux. Donne a celuy qui te"
                    HPOS="406"
                    VPOS="2280"
                    WIDTH="2010"
                    HEIGHT="203"
                    WC="0.9999920095716204"></String>
          </TextLine>
          <TextLine ID="eSc_line_a2cb2f60"
                    TAGREFS="LT8"
                    BASELINE="420 2542 975 2538 2416 2569" 
                    HPOS="420"
                    VPOS="2414"
                    WIDTH="1996"
                    HEIGHT="210">
            <Shape><Polygon POINTS="420 2542 423 2590 451 2573 575 2593 579 2593 813 2576 899 2600 903 2600 906 2604 1023 2604 1023 2600 1027 2600 1068 2579 1261 2607 1264 2607 1413 2586 1447 2610 1451 2610 1454 2610 1457 2610 1802 2593 1830 2614 1833 2614 1837 2614 1840 2614 1919 2600 2105 2621 2109 2621 2112 2621 2116 2621 2136 2604 2219 2624 2223 2624 2226 2624 2412 2600 2416 2569 2416 2466 1930 2466 1892 2442 1888 2442 1885 2442 1881 2442 1654 2459 1595 2435 1592 2435 1588 2435 1475 2455 1451 2435 1451 2431 1447 2431 1444 2431 1440 2431 1268 2452 1233 2428 1230 2428 1227 2428 1223 2428 1075 2449 989 2424 985 2424 982 2424 978 2424 916 2445 885 2424 882 2424 878 2424 875 2424 872 2424 868 2424 840 2442 685 2418 682 2418 678 2418 675 2418 641 2438 441 2414 437 2414 434 2414 430 2414 420 2421 420 2542"/></Shape>
            <String CONTENT="demãde/ et ne fuys point celuy qui de¬"
                    HPOS="420"
                    VPOS="2414"
                    WIDTH="1996"
                    HEIGHT="210"
                    WC="0.9998339964793279"></String>
          </TextLine>
          <TextLine ID="eSc_line_23c915ae"
                    TAGREFS="LT8"
                    BASELINE="427 2686 1016 2683 2412 2710" 
                    HPOS="423"
                    VPOS="2562"
                    WIDTH="1989"
                    HEIGHT="210">
            <Shape><Polygon POINTS="427 2686 423 2738 672 2717 892 2752 896 2752 899 2752 903 2752 944 2724 1002 2724 1051 2752 1054 2752 1058 2752 1061 2752 1220 2728 1271 2755 1275 2755 1278 2755 1282 2755 1285 2755 1313 2738 1378 2759 1382 2759 1385 2759 1389 2759 1454 2731 1557 2762 1561 2762 1564 2762 1568 2762 1637 2738 1771 2762 1775 2762 1778 2762 1823 2738 1888 2765 1892 2765 1895 2765 2078 2748 2261 2772 2264 2772 2409 2741 2412 2710 2412 2610 2271 2590 2267 2590 2264 2590 2261 2590 2236 2607 2195 2586 2192 2586 2188 2586 1981 2604 1940 2583 1937 2583 1933 2583 1795 2600 1768 2579 1764 2579 1761 2579 1757 2579 1630 2597 1433 2576 1430 2576 692 2583 665 2562 661 2562 658 2562 654 2562 427 2576 427 2686"/></Shape>
            <String CONTENT="sire demprunter. Item il dit dauãtai¬"
                    HPOS="423"
                    VPOS="2562"
                    WIDTH="1989"
                    HEIGHT="210"
                    WC="0.9988404857484918"></String>
          </TextLine>
          <TextLine ID="eSc_line_ef3976ac"
                    TAGREFS="LT8"
                    BASELINE="437 2831 1102 2827 2412 2855" 
                    HPOS="434"
                    VPOS="2703"
                    WIDTH="1978"
                    HEIGHT="207">
            <Shape><Polygon POINTS="437 2831 434 2876 630 2858 661 2883 665 2883 668 2883 672 2883 675 2883 678 2883 706 2862 868 2862 920 2883 923 2883 927 2883 930 2883 968 2865 1151 2865 1182 2893 1185 2893 1189 2893 1192 2893 1292 2879 1302 2893 1306 2893 1306 2896 1309 2896 1313 2896 1316 2896 1420 2872 1464 2896 1468 2896 1471 2896 1475 2896 1530 2876 1685 2900 1688 2900 1692 2900 1764 2879 1826 2903 1830 2903 1833 2903 2009 2886 2116 2903 2119 2903 2123 2903 2126 2903 2126 2900 2147 2883 2223 2910 2226 2910 2230 2910 2409 2900 2412 2855 2412 2755 2202 2755 2157 2731 2154 2731 2150 2731 2147 2731 2105 2748 2088 2731 2088 2728 2085 2728 2081 2728 2078 2728 1899 2745 1816 2724 1812 2724 1809 2724 1806 2724 1771 2741 1678 2721 1675 2721 1568 2741 1461 2717 1457 2717 1364 2738 1316 2714 1313 2714 1309 2714 1099 2734 927 2710 923 2710 920 2710 878 2731 620 2703 616 2703 437 2724 437 2831"/></Shape>
            <String CONTENT="ge au mesme chapitre. Aymez uoz en¬"
                    HPOS="434"
                    VPOS="2703"
                    WIDTH="1978"
                    HEIGHT="207"
                    WC="0.9975504500525338"></String>
          </TextLine>
          <TextLine ID="eSc_line_a7b2e2cf"
                    TAGREFS="LT8"
                    BASELINE="427 2969 1247 2976 2412 3007" 
                    HPOS="423"
                    VPOS="2855"
                    WIDTH="1989"
                    HEIGHT="196">
            <Shape><Polygon POINTS="427 2969 423 3010 2405 3051 2412 3007 2409 2900 2078 2907 1854 2879 1850 2879 1709 2893 1654 2872 1650 2872 1647 2872 1644 2872 1595 2896 1575 2876 1575 2872 1571 2872 1568 2872 1564 2872 1437 2886 1278 2865 1275 2865 1271 2865 1268 2865 1240 2883 1189 2862 1185 2862 1182 2862 1023 2883 992 2858 989 2858 985 2858 903 2855 899 2855 896 2855 816 2879 758 2855 754 2855 751 2855 427 2869 427 2969"/></Shape>
            <String CONTENT="nemis/ faictes bien a ceux qui uous"
                    HPOS="423"
                    VPOS="2855"
                    WIDTH="1989"
                    HEIGHT="196"
                    WC="0.999546732221331"></String>
          </TextLine>
          <TextLine ID="eSc_line_d5f7a24e"
                    TAGREFS="LT8"
                    BASELINE="427 3113 2409 3151" 
                    HPOS="423"
                    VPOS="3000"
                    WIDTH="1986"
                    HEIGHT="217">
            <Shape><Polygon POINTS="427 3113 423 3175 530 3155 561 3182 565 3182 568 3182 572 3182 575 3182 627 3158 696 3186 699 3186 703 3186 961 3162 1020 3193 1023 3193 1154 3196 1158 3196 1161 3196 1233 3168 1340 3186 1344 3186 1502 3172 1688 3206 1692 3206 1695 3206 1699 3206 1744 3179 1792 3206 1795 3206 1799 3206 2209 3199 2240 3217 2243 3217 2247 3217 2250 3217 2405 3186 2409 3151 2409 3051 2340 3027 2336 3027 2333 3027 2329 3027 2257 3048 2161 3024 2157 3024 2154 3024 2150 3024 2092 3048 2050 3020 2047 3020 2043 3020 2040 3020 1868 3044 1730 3044 1713 3027 1713 3024 1709 3024 1706 3024 1702 3024 1588 3038 1568 3020 1564 3020 1561 3020 1557 3020 1430 3034 1406 3013 1406 3010 1402 3010 1399 3010 1326 3007 1323 3007 1027 3027 968 3000 965 3000 961 3000 958 3000 896 3024 730 3000 727 3000 427 3003 427 3113"/></Shape>
            <String CONTENT="hayent. Car si uous aymez (dist il)"
                    HPOS="423"
                    VPOS="3000"
                    WIDTH="1986"
                    HEIGHT="217"
                    WC="0.9791885954993111"></String>
          </TextLine>
          <TextLine ID="eSc_line_df3cc7b7"
                    TAGREFS="LT8"
                    BASELINE="423 3261 2398 3299" 
                    HPOS="420"
                    VPOS="3151"
                    WIDTH="1978"
                    HEIGHT="207">
            <Shape><Polygon POINTS="423 3261 420 3296 461 3320 465 3320 468 3320 472 3320 537 3310 599 3327 603 3327 606 3327 610 3327 716 3299 737 3317 737 3320 741 3320 744 3320 747 3320 751 3320 754 3320 785 3303 1216 3306 1316 3341 1320 3341 1323 3344 1423 3344 1423 3341 1426 3341 1499 3313 1678 3348 1681 3351 1795 3351 1795 3348 1799 3348 1854 3320 1895 3351 1899 3351 1902 3351 2081 3354 2085 3354 2088 3354 2092 3354 2130 3330 2216 3358 2219 3358 2223 3358 2395 3351 2398 3299 2395 3179 2219 3196 1485 3162 1482 3162 1368 3179 1251 3162 1247 3162 1034 3172 965 3151 961 3151 958 3151 423 3158 423 3261"/></Shape>
            <String CONTENT="ceux qui uous ayment/ quelle grand"
                    HPOS="420"
                    VPOS="3151"
                    WIDTH="1978"
                    HEIGHT="207"
                    WC="0.9939731061458588"></String>
          </TextLine>
          <TextLine ID="eSc_line_e0035dcc"
                    TAGREFS="LT8"
                    BASELINE="430 3406 2402 3447" 
                    HPOS="427"
                    VPOS="3286"
                    WIDTH="1975"
                    HEIGHT="213">
            <Shape><Polygon POINTS="430 3406 427 3461 747 3468 751 3468 754 3468 758 3468 782 3447 851 3447 878 3468 878 3472 882 3472 885 3472 889 3472 892 3472 937 3451 1082 3451 1264 3458 1292 3482 1295 3482 1299 3482 1302 3482 1413 3458 1564 3458 1613 3489 1616 3489 1619 3489 1623 3489 1823 3478 1981 3496 1985 3496 1988 3496 1992 3496 2023 3472 2064 3499 2068 3499 2071 3499 2074 3499 2195 3478 2395 3496 2402 3447 2402 3351 2271 3351 2243 3327 2240 3327 2236 3327 2233 3327 2230 3327 2226 3327 2195 3344 1926 3344 1909 3317 1906 3317 1906 3313 1902 3313 1899 3313 1895 3313 1892 3313 1812 3337 1588 3337 1540 3310 1537 3310 1533 3310 1530 3310 1461 3330 1344 3303 1340 3303 1337 3303 1299 3323 1261 3299 1258 3299 1254 3299 1120 3299 1116 3299 1113 3299 1109 3299 1082 3320 1054 3296 1051 3296 1047 3296 1044 3296 1040 3296 982 3320 892 3292 889 3292 885 3292 727 3310 661 3289 658 3289 654 3289 651 3289 596 3313 520 3286 517 3286 513 3286 510 3286 430 3306 430 3406"/></Shape>
            <String CONTENT="chose faictes uous? ne font point ce"
                    HPOS="427"
                    VPOS="3286"
                    WIDTH="1975"
                    HEIGHT="213"
                    WC="0.987773651878039"></String>
          </TextLine>
          <TextLine ID="eSc_line_457d2f32"
                    TAGREFS="LT8"
                    BASELINE="441 3554 923 3554 2392 3602" 
                    HPOS="437"
                    VPOS="3430"
                    WIDTH="1955"
                    HEIGHT="221">
            <Shape><Polygon POINTS="441 3554 437 3575 585 3602 589 3602 761 3585 989 3589 1044 3616 1047 3616 1051 3616 1054 3616 1109 3596 1140 3620 1144 3620 1147 3620 1151 3620 1302 3606 1351 3627 1354 3627 1357 3627 1454 3606 1471 3627 1475 3627 1475 3630 1478 3630 1482 3630 1485 3630 1488 3630 1571 3609 1640 3633 1644 3633 1647 3633 1792 3616 1874 3640 1878 3640 1881 3640 1885 3640 1888 3640 1916 3620 1981 3644 1985 3644 2385 3651 2392 3602 2392 3496 2161 3468 2157 3468 2154 3468 2085 3485 2050 3465 2047 3465 2043 3465 2040 3465 2036 3465 1978 3485 1754 3461 1750 3461 1747 3461 1744 3461 1716 3478 1582 3451 1578 3451 1034 3458 992 3434 989 3434 985 3434 982 3434 844 3451 658 3430 654 3430 441 3441 441 3554"/></Shape>
            <String CONTENT="mesmes les payens? Dauantaige S."
                    HPOS="437"
                    VPOS="3430"
                    WIDTH="1955"
                    HEIGHT="221"
                    WC="0.9970813356339931"></String>
          </TextLine>
          <TextLine ID="eSc_line_639a8c32"
                    TAGREFS="LT8"
                    BASELINE="441 3689 909 3695 1592 3730 2396 3736" 
                    HPOS="434"
                    VPOS="3554"
                    WIDTH="1960"
                    HEIGHT="238">
            <Shape><Polygon POINTS="439 3689 434 3735 2384 3792 2394 3735 2394 3616 1106 3601 1039 3570 1034 3570 1029 3570 915 3590 879 3565 874 3565 868 3565 863 3565 677 3585 439 3554 439 3689"/></Shape>
            <String CONTENT="Paul aux Romains. Beneissez ceux/"
                    HPOS="434"
                    VPOS="3554"
                    WIDTH="1960"
                    HEIGHT="238"
                    ></String>
          </TextLine>
          <TextLine ID="eSc_line_08036d85"
                    TAGREFS="LT8"
                    BASELINE="437 3844 868 3844 1678 3878 2392 3881" 
                    HPOS="434"
                    VPOS="3723"
                    WIDTH="1958"
                    HEIGHT="210">
            <Shape><Polygon POINTS="437 3844 434 3878 468 3899 472 3899 475 3899 479 3899 703 3878 927 3881 961 3909 965 3909 968 3909 971 3909 1109 3888 1137 3909 1137 3912 1140 3912 1144 3912 1147 3912 1151 3912 1213 3892 1313 3919 1316 3919 1320 3919 1323 3919 1357 3902 1406 3919 1409 3919 1413 3919 1564 3902 1633 3923 1637 3923 1640 3923 1644 3923 1706 3902 1740 3926 1744 3926 1747 3926 1750 3926 1754 3926 1812 3909 1933 3933 1937 3933 2388 3926 2392 3881 2388 3771 2243 3785 2205 3761 2202 3761 2198 3761 2195 3761 2088 3782 1981 3754 1978 3754 1974 3754 1840 3775 1806 3754 1802 3754 1799 3754 1795 3754 1792 3754 1740 3768 1719 3751 1719 3747 1716 3747 1713 3747 1606 3744 1602 3744 1599 3744 1551 3768 1375 3768 1164 3733 1161 3733 1027 3757 999 3737 996 3737 992 3737 989 3737 799 3744 710 3723 706 3723 703 3723 437 3744 437 3844"/></Shape>
            <String CONTENT="qui uous persecutent. Beneissez les/"
                    HPOS="434"
                    VPOS="3723"
                    WIDTH="1958"
                    HEIGHT="210"
                    WC="0.9883011447058784"></String>
          </TextLine>
          <TextLine ID="eSc_line_adf54129"
                    TAGREFS="LT8"
                    BASELINE="427 3981 2402 4033" 
                    HPOS="423"
                    VPOS="3857"
                    WIDTH="1979"
                    HEIGHT="228">
            <Shape><Polygon POINTS="423 4012 937 4023 968 4050 968 4054 971 4054 975 4054 978 4054 1054 4036 1078 4057 1082 4057 1085 4057 1089 4057 1092 4057 1161 4033 1213 4061 1216 4061 1347 4064 1351 4064 1354 4064 1357 4064 1399 4040 1606 4047 1633 4071 1637 4071 1640 4071 1644 4071 1647 4071 1695 4054 1740 4074 1744 4074 2150 4085 2154 4085 2157 4085 2161 4085 2188 4067 2371 4085 2374 4085 2378 4085 2381 4085 2398 4067 2402 4033 2398 3912 2329 3923 2271 3906 2267 3906 2264 3906 2140 3930 1823 3902 1819 3902 1816 3902 1785 3919 1754 3895 1750 3895 1747 3895 1744 3895 1740 3895 1671 3916 1251 3909 1213 3878 1209 3878 1206 3878 1202 3878 1096 3895 954 3871 951 3871 840 3888 799 3868 796 3868 541 3864 537 3864 534 3864 489 3881 430 3857 427 3981 423 4012"/></Shape>
            <String CONTENT="et ne les uueillez point maudire. Et"
                    HPOS="423"
                    VPOS="3857"
                    WIDTH="1979"
                    HEIGHT="228"
                    WC="0.9978353646066453"></String>
          </TextLine>
          <TextLine ID="eSc_line_ad44930d"
                    TAGREFS="LT8"
                    BASELINE="417 4129 2398 4174" 
                    HPOS="413"
                    VPOS="4012"
                    WIDTH="1985"
                    HEIGHT="221">
            <Shape><Polygon POINTS="417 4129 413 4167 468 4195 472 4195 475 4195 696 4174 878 4195 882 4195 1127 4185 1171 4212 1175 4212 1178 4212 1340 4216 1344 4216 1347 4216 1395 4195 1478 4219 1482 4219 1485 4222 1599 4222 1599 4219 1602 4219 1606 4219 1633 4198 1788 4226 1792 4229 1861 4229 1861 4226 1864 4226 1868 4226 1868 4222 1892 4202 2092 4233 2095 4233 2099 4233 2102 4233 2126 4216 2147 4233 2150 4233 2154 4233 2157 4233 2161 4233 2216 4216 2392 4222 2398 4174 2398 4081 2343 4054 2340 4054 2336 4054 2333 4054 2329 4054 2295 4074 2185 4050 2181 4050 2178 4050 2088 4074 2009 4047 2005 4047 2002 4047 1999 4047 1933 4071 1781 4040 1778 4040 1775 4040 1771 4040 1740 4064 1626 4047 1623 4047 1619 4047 1588 4061 1568 4040 1568 4036 1564 4036 1561 4036 1557 4036 1554 4036 1475 4061 1202 4057 1178 4030 1178 4026 1175 4026 1171 4026 1168 4026 916 4040 758 4019 754 4019 751 4019 682 4040 492 4012 489 4012 485 4012 417 4036 417 4129"/></Shape>
            <String CONTENT="apres. Ne rendez a nul mal pour mal/"
                    HPOS="413"
                    VPOS="4012"
                    WIDTH="1985"
                    HEIGHT="221"
                    WC="0.9967599411805471"></String>
          </TextLine>
          <TextLine ID="eSc_line_e513c234"
                    TAGREFS="LT8"
                    BASELINE="420 4284 885 4284 2009 4322 2409 4315" 
                    HPOS="417"
                    VPOS="4160"
                    WIDTH="1992"
                    HEIGHT="221">
            <Shape><Polygon POINTS="417 4333 479 4336 482 4336 485 4336 489 4336 510 4315 561 4333 565 4333 568 4333 703 4315 847 4346 851 4350 923 4350 923 4346 927 4346 930 4346 961 4322 1306 4346 1309 4346 1402 4333 1430 4353 1430 4357 1433 4357 1437 4357 1440 4357 1554 4343 1578 4360 1582 4360 1585 4360 1588 4360 1592 4360 1654 4340 1692 4367 1695 4367 1699 4367 1857 4371 1861 4371 2033 4350 2064 4374 2068 4374 2071 4374 2267 4381 2271 4381 2274 4381 2316 4357 2333 4374 2336 4374 2340 4374 2343 4374 2347 4374 2405 4353 2409 4315 2398 4205 2336 4226 2302 4205 2298 4205 2295 4205 2292 4205 2171 4222 2136 4198 2133 4198 2130 4198 2126 4198 2123 4198 2036 4219 1988 4195 1985 4195 1981 4195 1847 4216 1678 4195 1675 4195 1492 4205 1420 4181 1416 4181 1413 4181 1278 4202 1192 4202 1168 4178 1164 4178 1161 4178 1158 4178 1002 4195 909 4171 906 4171 903 4171 489 4178 423 4160 420 4284 417 4333"/></Shape>
            <String CONTENT="pouruoyans des biens/ point seule¬"
                    HPOS="417"
                    VPOS="4160"
                    WIDTH="1992"
                    HEIGHT="221"
                    WC="0.9870326992343453"></String>
          </TextLine>
          <TextLine ID="eSc_line_09b5fb8e"
                    TAGREFS="LT8"
                    BASELINE="413 4422 1606 4460 2412 4460" 
                    HPOS="410"
                    VPOS="4305"
                    WIDTH="2002"
                    HEIGHT="214">
            <Shape><Polygon POINTS="413 4422 410 4460 517 4488 520 4488 672 4467 903 4491 906 4491 909 4491 947 4474 1037 4498 1040 4498 1044 4498 1261 4481 1464 4508 1468 4508 1564 4488 1616 4512 1619 4512 1623 4512 1764 4491 1937 4519 1940 4519 2409 4501 2412 4460 2405 4350 2364 4367 2305 4343 2302 4343 2298 4343 2133 4367 1947 4333 1943 4333 1940 4333 1878 4364 1792 4364 1678 4336 1675 4336 1671 4336 1668 4336 1644 4357 1606 4340 1602 4340 1599 4340 1337 4350 1158 4315 1061 4315 1058 4315 1054 4315 1051 4315 1013 4340 682 4305 678 4305 413 4315 413 4422"/></Shape>
            <String CONTENT="ment deuant Dieu/ mais aussi deuãt"
                    HPOS="410"
                    VPOS="4305"
                    WIDTH="2002"
                    HEIGHT="214"
                    WC="0.9984024558748518"></String>
          </TextLine>
          <TextLine ID="eSc_line_872bcc2e"
                    TAGREFS="LT8"
                    BASELINE="420 4567 2409 4615" 
                    HPOS="417"
                    VPOS="4446"
                    WIDTH="1992"
                    HEIGHT="255">
            <Shape><Polygon POINTS="420 4567 417 4615 665 4622 703 4656 703 4660 706 4660 710 4660 713 4660 716 4660 803 4629 937 4674 940 4674 944 4674 947 4674 999 4646 1271 4687 1275 4687 1444 4670 1937 4701 1940 4701 1943 4701 1947 4701 1947 4698 1978 4670 1999 4687 1999 4691 2002 4691 2005 4691 2009 4691 2012 4691 2078 4660 2240 4660 2274 4691 2278 4691 2281 4691 2285 4691 2405 4663 2409 4615 2409 4495 2181 4491 2178 4491 2174 4491 2126 4512 1843 4481 1840 4481 1713 4501 1557 4474 1554 4474 1551 4474 1502 4491 1361 4470 1357 4470 1161 4488 706 4453 703 4453 568 4474 420 4446 420 4567"/></Shape>
            <String CONTENT="tous hommes/ et sil est possible/ aussi"
                    HPOS="417"
                    VPOS="4446"
                    WIDTH="1992"
                    HEIGHT="255"
                    WC="0.9947077387418503"></String>
          </TextLine>
        </TextBlock>
        <TextBlock HPOS="1937"
                   VPOS="4658"
                   WIDTH="504"
                   HEIGHT="145"
                   ID="eSc_textblock_b203dbe6"
                   TAGREFS="BT17">
          <Shape><Polygon POINTS="1937 4658 1937 4803 2441 4803 2441 4658"/></Shape>
          <TextLine ID="eSc_line_6c720072"
                    TAGREFS="LT8"
                    BASELINE="1981 4760 2398 4760" 
                    HPOS="1981"
                    VPOS="4639"
                    WIDTH="417"
                    HEIGHT="224">
            <Shape><Polygon POINTS="1981 4760 1981 4860 2140 4863 2143 4863 2147 4863 2240 4836 2395 4860 2398 4760 2392 4639 2336 4656 2171 4639 2167 4639 2164 4639 2126 4656 2092 4639 2088 4639 2085 4639 1981 4656 1981 4760"/></Shape>
            <String CONTENT="autant"
                    HPOS="1981"
                    VPOS="4639"
                    WIDTH="417"
                    HEIGHT="224"
                    WC="0.9903049468994141"></String>
          </TextLine>
        </TextBlock>
        <TextBlock HPOS="2426"
                   VPOS="984"
                   WIDTH="394"
                   HEIGHT="163"
                   ID="eSc_textblock_40ca42b9"
                   TAGREFS="BT13">
          <Shape><Polygon POINTS="2426 984 2426 1147 2820 1147 2820 984"/></Shape>
          <TextLine ID="eSc_line_8c83b314"
                    TAGREFS="LT8"
                    BASELINE="2447 1098 2805 1098" 
                    HPOS="2446"
                    VPOS="950"
                    WIDTH="357"
                    HEIGHT="217">
            <Shape><Polygon POINTS="2446 1095 2446 1167 2803 1157 2803 1095 2798 950 2446 950 2446 1095"/></Shape>
            <String CONTENT="Mat.5."
                    HPOS="2446"
                    VPOS="950"
                    WIDTH="357"
                    HEIGHT="217"
                    WC="0.9999765952428182"></String>
          </TextLine>
        </TextBlock>
        <TextBlock HPOS="2411"
                   VPOS="1434"
                   WIDTH="377"
                   HEIGHT="172"
                   ID="eSc_textblock_947ffd07"
                   TAGREFS="BT13">
          <Shape><Polygon POINTS="2411 1434 2411 1606 2788 1606 2788 1434"/></Shape>
          <TextLine ID="eSc_line_1c766394"
                    TAGREFS="LT8"
                    BASELINE="2430 1544 2764 1546" 
                    HPOS="2420"
                    VPOS="1415"
                    WIDTH="341"
                    HEIGHT="191">
            <Shape><Polygon POINTS="2425 1539 2420 1606 2756 1601 2761 1544 2756 1415 2425 1415 2425 1539"/></Shape>
            <String CONTENT="Luc.6."
                    HPOS="2420"
                    VPOS="1415"
                    WIDTH="341"
                    HEIGHT="191"
                    WC="0.9999606410662333"></String>
          </TextLine>
        </TextBlock>
        <TextBlock HPOS="2396"
                   VPOS="3620"
                   WIDTH="463"
                   HEIGHT="195"
                   ID="eSc_textblock_7ec5732c"
                   TAGREFS="BT13">
          <Shape><Polygon POINTS="2396 3620 2396 3815 2859 3815 2859 3620"/></Shape>
          <TextLine ID="eSc_line_967c757a"
                    TAGREFS="LT8"
                    BASELINE="2413 3737 2833 3740" 
                    HPOS="2410"
                    VPOS="3590"
                    WIDTH="419"
                    HEIGHT="269">
            <Shape><Polygon POINTS="2410 3735 2410 3859 2829 3802 2829 3735 2829 3621 2410 3590 2410 3735"/></Shape>
            <String CONTENT="Rom̃.12."
                    HPOS="2410"
                    VPOS="3590"
                    WIDTH="419"
                    HEIGHT="269"
                    WC="0.9948297068476677"></String>
          </TextLine>
        </TextBlock>
      </PrintSpace>
    </Page>
  </Layout>
</alto>
