4267 6461
1767 683 231 226 70

2729 710 640 223 De grace.

1901 1986 270 356 O

1907 893 2137 223 Christ point aprins a prier/ Nr̃e Sei¬

1934 1060 2106 226 gneͬ qͥ es es cieulx: mais nostre Pere.

1928 1195 2107 226 Car nous sommes ses enfans. Et si

1925 1367 2119 201 noꝰ sommes ẽfans de Dieu/ noꝰ som

1885 1518 2155 186 mes ses heritiers/ cõe dit sainct Paul.

2219 1658 1762 242 ¶ A qui la grace de Dieu est

2214 1814 1659 215 donnee. Chapitre.uii.

2203 1965 1826 204 N pourroit icy demander. Est ce¬

2176 2121 1848 210 ste grace de Dieu donnee a toute

1903 2290 2116 201 personne? Non/ mais elle est donnee a

1900 2440 2086 194 tous ceux qͥ le croyent. Et tous ceux qͥ

1885 2584 2116 208 croyent en Iesu Christ, en telle sorte

1900 2724 2097 222 (cõme nous, auons declaire dessus/ ⁊

1896 2871 2090 223 declairerõs plus a plain) qͥlz sont en¬

1907 3029 2090 219 fans de dieu. Cõme escript sainct Ie¬

1880 3192 2101 205 han en Leuãgile/ disant: Tous ceux

1892 3341 2091 201 qui lont receu, il leur a dõne puissance

1882 3481 2086 212 destre enfãs de Dieu/ assauoir a ceux

1882 3639 2079 201 qͥ auroyent creu en son nom. Et cõme

1896 3774 2031 226 dit saĩct Paul. Celuy qͥ ua uers dieu/

1878 3937 2047 205 il fault quil le croye estre dieu/ et estre

1871 4091 2029 201 remunerateur a ceux qͥ le qͥerẽt. Pour

1871 4249 2036 191 tant auons noꝰ dict q̃ tout le nouueau

1878 4386 2015 212 testament/ assauoir les Euangiles/ ⁊

1871 4540 2022 208 les Epistres sainct Paul/ ne noꝰ en¬

1874 4694 1997 277 seignent principalement autre chose q̃

3717 4861 210 178 la

1470 1012 447 194 Mat.23

1481 1179 436 183 Mat.6.

1472 1313 399 194 Rom.8.

1443 3090 388 275 Iehã.1.

1433 3709 452 291 Hebre.11.
