4267 6154
2354 476 220 375 37

871 547 896 194 Chapitre .xui.

294 690 2068 222 sant lesprit/ ilz ont apprehende la

294 861 2048 188 chair/ constituantz toute leur saincte¬

300 1015 2045 181 te en choses/ et ceremonies forai¬

304 1159 2041 177 nes/ et exterieures: comme en lire

300 1309 2045 188 leurs heures, en chanter, en ployer ge

297 1456 2045 185 noulx, en abitz, ⁊ plusieurs autres ce¬

304 1600 2038 184 remonies. Mais humilite, contempti

297 1743 2034 185 bilite, sobriete, patiẽce, ⁊ paourete ont

273 1883 2058 195 ilz mis en obly? Et est la uie des moi¬

270 2034 2058 184 nes paruenue a uolupte/ ⁊ a toute ua

273 2177 2055 178 nite par labondance des richesses. Et

287 2321 2037 195 ont cõmẽce aller oyseux, ⁊ nont point

297 2468 2031 185 uoulu gaigner les despens par le la¬

294 2615 2044 181 beur de leurs mains/ cõme il estoit au

294 2755 2041 195 commencemẽt ordonne. Et ꝑ oysifue

287 2895 2051 199 te sont ilz paruenuz a toute malice/ et

300 3046 2014 201 ꝑuersite, ⁊ par grãd nõbre sõt ilz fuyz

304 3193 2020 191 hors de leͬs cloistres moĩes, auec nõ¬

300 3340 2021 195 nes ꝑ uolupte. Il a dõc este ordõne/

297 3477 2027 211 cõme il semble/ deuãt le tẽps S. Ber

290 3627 2017 219 nard/ q̃ les moines feroient ꝓfession,

410 3784 1901 199 Apres donc que la uie des moines

283 3924 2024 212 a ainsi este corrompue, est uenu S.

273 4075 2041 198 Bernard au cloistre/ et alors ont les

270 4222 2051 191 moines este reformez. Adõc ont ilz de

266 4369 2041 239 rechef diligẽment entreprisleur estat,

1723 4543 581 209 I 5 et
