4267 6461
1580 574 294 222 104

2277 585 1454 204 De deux sortes de gens.

1804 743 2112 253 tel. Pourtant ayme Dieu mieulx un

1815 920 2139 226 pecheur repentant et requerant par¬

1817 1069 2105 223 don de son peche/ que ne faict un ou¬

1817 1231 2115 197 urier de bonnes oeuures soy arrogan

1813 1374 2116 219 tement glorifiant/ ⁊ fiant en icelles.

1806 1532 2130 216 Car (comme dict est) Dieu a mieulx

1810 1687 2119 215 ayme le Publicain que le Pharisien/

1806 1848 2130 201 ⁊ a mõstre plus damour au paoures

1806 1995 2119 208 pecheurs publiques/ qui na faict aux

1810 2142 2115 227 Pharisiẽs hypocrites/ ausquelz il sem

1795 2300 2120 212 bloit quilz auoyent accõply les com¬

1795 2437 2116 226 mandemens de Dieu/ ⁊ ne leur scau¬

1810 2587 2076 209 roit que demander. Car ilz repro¬

1799 2735 2074 210 cherent a Iesus Christ quil estoit

1803 2889 2043 219 amy des pecheurs/ ⁊ qͥl mãgeoit auec

1795 3040 2051 219 eux. Nostre Seigñr ne demãde que le

1795 3198 2051 215 coeur/ ⁊ quand il a le coeur il ne uise

1792 3348 2054 209 point si nous ieunons, ou si nous por

1792 3496 2061 204 tõs labit gris, ou bleu. Car telles cho

1792 3643 2065 219 ses exteriores sont indifferẽtes deuãt

1788 3801 2047 208 Dieu. Quand nostre coeur est reigle

1777 3948 2051 219 en Dieu selon la doctrine Euangeli¬

1788 4106 2040 226 que, celuy est tout un q̃lle chose nous

1785 4260 2011 212 faisons: car nous aurons tousiours

1777 4407 2012 216 charite, laquelle nous enseignera q̃lle

1767 4555 2015 269 chose il fauldra faire, ou laisser. Car

3527 4745 255 208 cha¬

1352 2729 388 248 Luce.7.

1298 4528 442 269 1.Cor.2.
