4267 6633
1649 690 243 255 118

2125 701 1699 277 De quatre manieres de Foy.

1950 917 2088 247 Dieu luy enuoyer. Tel faut il q̃ soit

1959 1072 2114 254 un Chrestien. Tel estoit Iob quãd il

1948 1227 2125 254 disoit: Iasoit aussi quil me occise/ en¬

1948 1403 2130 233 core mettray ie mon esperance en luy.

1964 1547 2114 243 Et le Saige dit. Quelconque chose qͥ

1925 1707 2159 211 aduiẽne au iuste/ ne le cõtristera poĩt.

1942 1857 2103 226 Et S. Paul. Quelle chose noꝰ se¬

1925 2019 2128 221 parera de la charite de Iesu Christ? se

1917 2174 2121 213 ra ce tribulation ou persecutiõ/ glaiue

1917 2317 2113 225 ou la mort? Et comme dit S. Pierre.

1942 2470 2075 221 Qui est celuy qui uous pourra nuyre

1906 2612 2106 221 si uous estes imitateurs ou hanteurs

1906 2756 2095 232 de bonte? Car tout ce qͥ te aduiẽt quãd

1903 2911 2091 235 tu as ceste foy/ soit dhomme ou de dia

1899 3062 2080 239 ble/ tout te uient a prouffit. Comme

1903 3194 2043 260 dit S. Paul aux Romains. A ceux

1891 3368 2062 235 qui ayment Dieu/ toutes choses leur

1880 3526 1844 214 sont ayde/ et auancement de bien.

2057 3677 1900 210 Et pourtant prions nous tous¬

1866 3828 2083 225 iours/ que la uolũte de Dieu foit fai¬

1869 3976 2069 221 cte. Car cõe il est icy uenu nõ poĩt poͬ

1880 4134 2062 214 faire sa uolunte/ mais la uolunte de

1899 4289 2002 214 son pere celeste, ainsi ne desirera le bon

1851 4433 2047 221 Chrestien que sa uolunte soit icy fai¬

1855 4584 2028 228 cte/ mais la uolũte de Dieu. Et pour

1862 4742 2032 251 tant porteras tu tout patiemmẽt/ cõ¬

3665 4930 225 206 me

1499 1486 449 260 Prou.12.

1505 1807 420 221 Rom̃.8.

1521 2387 421 266 1.Pet.3.

1461 3156 431 243 Rom̃.8.
