4267 6212
1688 524 310 200 208

2596 510 787 197 Des riches.

1891 679 2103 207 aussi bien aux paoures cõe a toy. Car

1902 859 2099 176 Dieu a enuoye les biẽs au mõde aussi

1902 1000 2102 190 bien pour les paoures cõe pour les ri¬

1891 1145 2120 180 ches. Car il fault quilz uiuent toꝰ/ tãt

1902 1307 2106 190 lun cõe lautre. Et les riches ne sõt au

1891 1456 2120 197 tre chose que les despensiers/ et distri¬

1884 1604 2127 180 bueurs des biens de Dieu/ cõe les Sei

1891 1753 2113 207 gneurs terriens ont leurs despẽsiers.

1881 1905 2123 203 Et pourtãt quand tu despẽs tes biẽs

1878 2063 2123 200 outrageusemẽt en boire/ mãger ⁊c. tu

1881 2212 2092 193 en rendras cõpte deuãt Dieu au iour

1884 2360 2075 176 du iugemẽt. Car le riche hõme duquel

1905 2484 2051 218 parle Iesu Christ en lEuangile nest

1881 2650 2092 186 pour autre chose dãne fort pourtant

1881 2802 2092 193 quil nestoit point misericordieux/ ⁊ qͥl

1884 2950 2082 192 usoit mal de ses richesses estant des¬

1881 3099 2089 200 loial despensier. Pourtãt fault il que

1884 3247 2086 204 chascũ soit bien soigneux. Car tout ce

1891 3399 2068 197 quon despend ainsi sans necessite/ est

1888 3554 2061 190 desrobe aux paoures. Car S. Paul

1881 3699 2047 193 dit. Quãd nous auons les despens/ ⁊

1878 3847 2033 194 a uestir/ nous sommes cõtens. Et no

1888 3996 2013 186 stre nature est de peu de choses conten

1895 4151 1999 190 te, ⁊ ceux uiuẽt ainsi en uoluptez pre

1878 4300 2019 182 nãs tous leurs aises/ ilz ne sont point

1884 4448 2006 290 Chrestiens. Car il pillent ce quappar¬

3617 4603 277 211 tient

1439 2521 451 207 Luce.16.

1444 2961 404 186 1.tim.6.
