4267 7282
2765 829 291 275 189.

1174 792 1218 251 Chapitre.xxiii.

412 979 2442 279 si tu le prie en une ferme foy rien dou¬

406 1171 2379 261 btant/ cõme dit S. Iaques: Et si tu

400 1351 2421 267 ne trouue Dieu en ton coeur/ tu ne le

404 1521 2417 263 trouueras nulle part. Et les parens

396 1703 2413 259 ne peuuent faire plus grand seruice a

400 1881 2413 251 Dieu/ que de bien apprendre ⁊ ensei¬

404 2051 2393 267 gner leurs enfans. Car en ce gist grã¬

392 2233 2409 259 de uertu/ ⁊ par ce peut on singuliere¬

364 2390 2409 280 ment cõplaire a Dieu. Car S. Paul

340 2572 2461 267 ditz La femme sera sauuee par la ge¬

340 2742 2453 275 neration de ses enfans/ selle demeure

344 2920 2453 267 en la foy/ ⁊ en dilectiõ/ ⁊ en sanctifica¬

340 3086 2445 275 tion auec sobriete. Soigne aussi de

340 3260 2445 259 ne bailler a tes enfans trop dargent/

348 3438 2441 255 ⁊ de scauoir cõme ilz le despendent ⁊

348 3608 2441 259 en quoy, Et quand ilz apporterõt q̃l¬

352 3778 2433 275 que chose a lhostel/ laquelle nest point

348 3960 2429 271 tienne ou quilz rapportent aucunes

352 4138 2437 263 nouuelles de detraction/ tu les redar¬

360 4296 2433 275 gueras asprement/ ⁊ quand tu uoul¬

356 4474 2417 267 dras faire quelque ausmone deuant

348 4656 2421 267 ton huys/ celle feras tu faire par tes

344 4822 2437 275 enfans: affin quilz puissent appren¬

344 5004 2433 271 dre a seruir les paoures/ ⁊ quand ilz

340 5186 2437 263 auront estriuez lun contre lautre/ tu

344 5348 2433 311 les feras uenir au uespre/ ⁊ les feras

2429 5595 348 258 trier

2810 1231 340 243 Iac.1.

2792 2433 522 261 1.Tim.2
