<?xml version="1.0" encoding="UTF-8"?>
<alto xmlns:xsi="http://www.w3.org/2001/XMLSchema-instance"
      xmlns="http://www.loc.gov/standards/alto/ns-v4#"
      xsi:schemaLocation="http://www.loc.gov/standards/alto/ns-v4# http://www.loc.gov/standards/alto/v4/alto-4-2.xsd">
  <Description>
    <MeasurementUnit>pixel</MeasurementUnit>
    <sourceImageInformation>
      <fileName>La_somme_de_lescripture_saincte_...Luther_Martin_bpt6k328613m.pdf_page_249.png</fileName>
      <fileIdentifier>pdf//La_somme_de_lescripture_saincte_...Luther_Martin_bpt6k328613m.pdf</fileIdentifier>
    </sourceImageInformation>
  </Description>
  <Tags>
    <OtherTag ID="BT7" LABEL="CustomZone" DESCRIPTION="block type CustomZone"/><OtherTag ID="BT8" LABEL="DamageZone" DESCRIPTION="block type DamageZone"/><OtherTag ID="BT9" LABEL="DigitizationArtefactZone" DESCRIPTION="block type DigitizationArtefactZone"/><OtherTag ID="BT10" LABEL="DropCapitalZone" DESCRIPTION="block type DropCapitalZone"/><OtherTag ID="BT11" LABEL="GraphicZone" DESCRIPTION="block type GraphicZone"/><OtherTag ID="BT12" LABEL="MainZone" DESCRIPTION="block type MainZone"/><OtherTag ID="BT13" LABEL="MarginTextZone" DESCRIPTION="block type MarginTextZone"/><OtherTag ID="BT14" LABEL="MusicZone" DESCRIPTION="block type MusicZone"/><OtherTag ID="BT15" LABEL="NumberingZone" DESCRIPTION="block type NumberingZone"/><OtherTag ID="BT17" LABEL="QuireMarksZone" DESCRIPTION="block type QuireMarksZone"/><OtherTag ID="BT18" LABEL="RunningTitleZone" DESCRIPTION="block type RunningTitleZone"/><OtherTag ID="BT19" LABEL="SealZone" DESCRIPTION="block type SealZone"/><OtherTag ID="BT20" LABEL="StampZone" DESCRIPTION="block type StampZone"/><OtherTag ID="BT21" LABEL="TableZone" DESCRIPTION="block type TableZone"/><OtherTag ID="BT22" LABEL="TitlePageZone" DESCRIPTION="block type TitlePageZone"/><OtherTag ID="BT3120" LABEL="text" DESCRIPTION="block type text"/>
    <OtherTag ID="LT7" LABEL="CustomLine" DESCRIPTION="line type CustomLine"/><OtherTag ID="LT8" LABEL="DefaultLine" DESCRIPTION="line type DefaultLine"/><OtherTag ID="LT9" LABEL="DropCapitalLine" DESCRIPTION="line type DropCapitalLine"/><OtherTag ID="LT10" LABEL="HeadingLine" DESCRIPTION="line type HeadingLine"/><OtherTag ID="LT11" LABEL="InterlinearLine" DESCRIPTION="line type InterlinearLine"/><OtherTag ID="LT12" LABEL="MusicLine" DESCRIPTION="line type MusicLine"/><OtherTag ID="LT958" LABEL="default" DESCRIPTION="line type default"/>
  </Tags>
  <Layout>
    <Page WIDTH="4267"
          HEIGHT="6200"
          PHYSICAL_IMG_NR="248"
          ID="eSc_dummypage_">
      <PrintSpace HPOS="0"
                  VPOS="0"
                  WIDTH="4267"
                  HEIGHT="6200">
        <TextBlock HPOS="2242"
                   VPOS="604"
                   WIDTH="395"
                   HEIGHT="199"
                   ID="eSc_textblock_64881b00"
                   TAGREFS="BT15">
          <Shape><Polygon POINTS="2242 604 2242 803 2637 803 2637 604"/></Shape>
          <TextLine ID="eSc_line_5ec283a0"
                    TAGREFS="LT8"
                    BASELINE="2271 748 2589 750" 
                    HPOS="2265"
                    VPOS="589"
                    WIDTH="305"
                    HEIGHT="248">
            <Shape><Polygon POINTS="2265 837 2565 837 2570 749 2560 589 2270 604 2270 744"/></Shape>
            <String CONTENT="245"
                    HPOS="2265"
                    VPOS="589"
                    WIDTH="305"
                    HEIGHT="248"
                    WC="0.8868683377901713"></String>
          </TextLine>
        </TextBlock>
        <TextBlock HPOS="914"
                   VPOS="598"
                   WIDTH="1091"
                   HEIGHT="193"
                   ID="eSc_textblock_5fc112a8"
                   TAGREFS="BT18">
          <Shape><Polygon POINTS="914 598 914 791 2005 791 2005 598"/></Shape>
          <TextLine ID="eSc_line_4407bb3d"
                    TAGREFS="LT10"
                    BASELINE="947 737 1958 745" 
                    HPOS="941"
                    VPOS="552"
                    WIDTH="1014"
                    HEIGHT="259">
            <Shape><Polygon POINTS="941 785 1691 811 1696 811 1949 780 1955 744 1955 604 1779 558 1774 558 1768 558 1396 594 1349 558 1349 552 1344 552 1339 552 1334 552 1329 552 1230 589 1168 563 1163 563 1158 563 1153 563 1148 563 1148 568 1117 594 946 594 946 733"/></Shape>
            <String CONTENT="Chapitre .xxuiii."
                    HPOS="941"
                    VPOS="552"
                    WIDTH="1014"
                    HEIGHT="259"
                    ></String>
          </TextLine>
        </TextBlock>
        <TextBlock HPOS="282"
                   VPOS="776"
                   WIDTH="2200"
                   HEIGHT="3843"
                   ID="eSc_textblock_e87b7152"
                   TAGREFS="BT12">
          <Shape><Polygon POINTS="282 803 336 4619 2482 4583 2435 776"/></Shape>
          <TextLine ID="eSc_line_07cd447c"
                    TAGREFS="LT8"
                    BASELINE="358 916 2381 902" 
                    HPOS="355"
                    VPOS="775"
                    WIDTH="2026"
                    HEIGHT="206">
            <Shape><Polygon POINTS="355 809 358 916 361 981 413 961 575 961 596 981 599 981 603 981 606 981 610 981 692 961 716 978 720 978 723 978 727 978 730 978 778 961 1061 978 1065 978 1068 978 1071 978 1102 957 1295 978 1299 978 1302 978 1368 954 1423 974 1426 974 1430 978 1509 978 1509 974 1513 974 1516 974 1540 954 1861 974 1864 974 1868 974 1947 950 2009 971 2012 971 2016 971 2378 967 2381 902 2374 802 2236 781 2233 781 2126 799 2074 775 2071 775 2068 775 1823 802 1757 778 1754 778 1750 778 1747 778 1685 802 1561 785 1557 785 1247 806 1182 781 1178 781 1175 781 854 812 789 812 765 788 765 785 761 785 758 785 554 785 551 785 548 785 544 785 544 788 527 802 496 785 492 785 489 785 485 785 368 792 355 809"/></Shape>
            <String CONTENT="Seigñrs ne uoꝰ nuyt point a ur̃e sa¬"
                    HPOS="355"
                    VPOS="775"
                    WIDTH="2026"
                    HEIGHT="206"
                    WC="0.9822628111452669"></String>
          </TextLine>
          <TextLine ID="eSc_line_e4a330b9"
                    TAGREFS="LT8"
                    BASELINE="344 1060 1337 1047 2381 1054" 
                    HPOS="341"
                    VPOS="936"
                    WIDTH="2040"
                    HEIGHT="183">
            <Shape><Polygon POINTS="344 1060 344 1091 551 1116 554 1116 665 1098 692 1119 696 1119 699 1119 703 1119 706 1119 785 1095 854 1119 858 1119 861 1119 1013 1098 1185 1116 1189 1116 1192 1116 1196 1116 1223 1095 1364 1116 1368 1116 1657 1109 1661 1109 1664 1109 1695 1091 1864 1091 1916 1116 1919 1116 1923 1116 2381 1098 2381 1054 2378 961 1795 961 1771 936 1768 936 1764 936 1761 936 1637 957 1616 940 1616 936 1613 936 1609 936 1606 936 1502 954 1482 936 1478 936 1475 936 1471 936 1468 936 1464 936 1426 961 1382 940 1378 940 1375 940 1282 961 1209 940 1206 940 1202 940 982 964 872 964 847 940 844 940 840 940 837 940 706 961 534 940 530 940 341 954 344 1060"/></Shape>
            <String CONTENT="lut/ mais peut seulemẽt a dommager"
                    HPOS="341"
                    VPOS="936"
                    WIDTH="2040"
                    HEIGHT="183"
                    WC="0.9989963565553938"></String>
          </TextLine>
          <TextLine ID="eSc_line_3c6435d8"
                    TAGREFS="LT8"
                    BASELINE="355 1209 1289 1195 2378 1202" 
                    HPOS="351"
                    VPOS="1078"
                    WIDTH="2027"
                    HEIGHT="193">
            <Shape><Polygon POINTS="355 1209 355 1243 448 1243 496 1267 499 1267 503 1267 634 1250 758 1267 761 1267 765 1267 820 1240 916 1240 947 1264 947 1267 951 1267 954 1267 958 1271 1099 1271 1099 1267 1102 1267 1106 1267 1144 1243 1233 1257 1237 1257 1240 1257 1244 1257 1268 1240 1475 1267 1478 1267 1482 1267 1485 1267 1485 1264 1513 1240 2030 1264 2033 1264 2036 1264 2092 1236 2123 1257 2126 1257 2130 1257 2133 1257 2216 1243 2305 1264 2309 1264 2312 1264 2316 1264 2378 1233 2378 1202 2374 1105 2198 1105 2130 1078 2126 1078 2123 1078 2119 1078 2023 1105 1937 1105 1888 1078 1885 1078 1788 1078 1785 1078 1781 1078 1778 1078 1778 1081 1750 1102 1619 1081 1616 1081 1613 1081 1609 1081 1575 1105 1557 1088 1554 1088 1551 1088 1547 1088 1392 1102 1364 1081 1361 1081 1357 1081 1289 1081 1285 1081 1282 1081 1278 1081 1278 1085 1254 1105 1161 1081 1158 1081 999 1081 996 1081 992 1081 923 1105 351 1095 355 1209"/></Shape>
            <String CONTENT="ur̃e corps et biẽs tẽporelz/ si dauẽture"
                    HPOS="351"
                    VPOS="1078"
                    WIDTH="2027"
                    HEIGHT="193"
                    WC="0.9921725239864615"></String>
          </TextLine>
          <TextLine ID="eSc_line_fb563048"
                    TAGREFS="LT8"
                    BASELINE="358 1350 1626 1343 2378 1351" 
                    HPOS="351"
                    VPOS="1209"
                    WIDTH="2090"
                    HEIGHT="206">
            <Shape><Polygon POINTS="356 1405 2430 1415 2441 1353 2436 1245 2203 1209 2198 1209 1898 1245 1722 1245 1691 1214 1691 1209 1686 1209 1680 1209 1675 1209 1520 1240 1303 1209 1298 1209 1065 1240 351 1214 356 1348"/></Shape>
            <String CONTENT="uoꝰ leur payez q̃lq̃s tailles ou assises."
                    HPOS="351"
                    VPOS="1209"
                    WIDTH="2090"
                    HEIGHT="206"
                    WC="0.9991898304078637"></String>
          </TextLine>
          <TextLine ID="eSc_line_631ba908"
                    TAGREFS="LT8"
                    BASELINE="355 1491 2378 1498" 
                    HPOS="351"
                    VPOS="1370"
                    WIDTH="2027"
                    HEIGHT="186">
            <Shape><Polygon POINTS="355 1491 351 1546 365 1556 368 1556 372 1556 375 1556 2374 1550 2378 1498 2374 1395 2288 1374 2285 1374 2281 1374 2278 1374 2243 1395 2057 1377 2054 1377 2050 1377 1988 1395 1881 1374 1878 1374 1874 1374 1871 1374 1847 1395 1664 1395 1599 1374 1595 1374 1592 1374 1588 1374 1537 1395 1495 1374 1492 1374 1333 1374 1330 1374 1326 1374 1295 1391 1282 1377 1282 1374 1278 1374 1275 1374 1271 1374 1268 1374 1227 1391 1178 1370 1175 1370 1171 1370 1168 1370 1099 1391 1030 1370 1027 1370 1023 1370 1020 1370 958 1391 899 1370 896 1370 892 1370 889 1370 885 1370 854 1395 468 1395 355 1370 355 1491"/></Shape>
            <String CONTENT="Poͬ ces choses icy ne debuez uoꝰ poĩt"
                    HPOS="351"
                    VPOS="1370"
                    WIDTH="2027"
                    HEIGHT="186"
                    WC="0.99856120975394"></String>
          </TextLine>
          <TextLine ID="eSc_line_e920de00"
                    TAGREFS="LT8"
                    BASELINE="344 1639 2392 1639" 
                    HPOS="344"
                    VPOS="1525"
                    WIDTH="2048"
                    HEIGHT="186">
            <Shape><Polygon POINTS="344 1639 344 1684 792 1684 840 1708 844 1708 847 1711 965 1711 965 1708 968 1708 971 1708 971 1705 996 1687 1016 1705 1016 1708 1020 1708 1023 1708 1027 1708 1030 1708 1089 1684 1275 1708 1278 1711 1357 1711 1357 1708 1361 1708 1364 1708 1392 1684 1488 1708 1492 1708 1495 1708 1623 1691 1802 1708 1806 1708 1809 1708 1861 1684 1943 1684 1971 1705 1971 1708 1974 1708 1978 1708 1981 1711 2298 1711 2298 1708 2302 1708 2305 1708 2305 1705 2333 1684 2392 1684 2392 1639 2392 1543 2243 1525 2240 1525 2236 1525 2178 1550 1937 1550 1906 1525 1902 1525 1899 1525 1895 1525 1892 1525 1888 1525 1888 1529 1868 1550 1685 1550 1654 1525 1650 1525 1647 1525 1509 1525 1506 1525 1340 1546 1185 1525 1182 1525 1089 1546 1040 1525 1037 1525 1034 1525 1030 1525 1027 1525 1027 1529 1006 1550 782 1550 706 1525 703 1525 699 1525 696 1525 692 1525 661 1550 344 1550 344 1639"/></Shape>
            <String CONTENT="murmurer ꝯtre les puissances: ⁊ ne se¬"
                    HPOS="344"
                    VPOS="1525"
                    WIDTH="2048"
                    HEIGHT="186"
                    WC="0.9905624656300795"></String>
          </TextLine>
          <TextLine ID="eSc_line_438a1945"
                    TAGREFS="LT8"
                    BASELINE="348 1791 2357 1773" 
                    HPOS="344"
                    VPOS="1663"
                    WIDTH="2013"
                    HEIGHT="197">
            <Shape><Polygon POINTS="348 1791 348 1839 479 1856 482 1856 485 1856 520 1839 585 1860 589 1860 592 1860 596 1860 599 1860 623 1839 858 1856 861 1856 865 1856 868 1856 896 1835 989 1835 1065 1856 1068 1856 1071 1856 1075 1856 1078 1856 1109 1835 1137 1856 1140 1856 1144 1856 1147 1856 1151 1856 1199 1832 1357 1849 1361 1849 1457 1832 1530 1853 1533 1853 1537 1853 1747 1829 1768 1846 1768 1849 1771 1849 1775 1849 1778 1849 1874 1832 1943 1849 1947 1849 1950 1849 1954 1849 1957 1849 1957 1846 1981 1825 2043 1846 2047 1846 2050 1849 2354 1849 2357 1773 2350 1687 2188 1687 2140 1663 2136 1663 2133 1663 2130 1663 2085 1687 1909 1687 1850 1663 1847 1663 1843 1663 1840 1663 1837 1663 1837 1667 1809 1691 1699 1691 1623 1663 1619 1663 1616 1663 1613 1663 1609 1663 1609 1667 1585 1687 1375 1667 1371 1667 1368 1667 1364 1667 1340 1691 1261 1691 1244 1677 1244 1674 1240 1674 1237 1674 1233 1674 1230 1674 1196 1691 1151 1667 1147 1667 1144 1667 906 1687 668 1674 665 1674 661 1674 658 1674 658 1677 637 1698 582 1674 579 1674 575 1674 572 1674 503 1691 372 1674 368 1674 365 1674 361 1674 344 1687 348 1791"/></Shape>
            <String CONTENT="rez point rebelles cõtre les Seigñrs/"
                    HPOS="344"
                    VPOS="1663"
                    WIDTH="2013"
                    HEIGHT="197"
                    WC="0.9950158152824793"></String>
          </TextLine>
          <TextLine ID="eSc_line_52136e1e"
                    TAGREFS="LT8"
                    BASELINE="351 1939 2385 1928" 
                    HPOS="348"
                    VPOS="1804"
                    WIDTH="2037"
                    HEIGHT="200">
            <Shape><Polygon POINTS="351 1939 351 1980 396 2004 399 2004 403 2004 406 2004 492 1977 837 1977 899 1994 903 1994 906 1994 1023 1973 1130 1994 1133 1994 1368 1973 1402 1997 1406 1997 1409 1997 1413 1997 1416 1997 1475 1977 1540 2001 1544 2001 1547 2004 1685 2004 1685 2001 1688 2001 1775 1980 1795 1997 1799 1997 1802 1997 1806 2001 1985 2001 1985 1997 1988 1997 1992 1997 2023 1973 2050 1997 2054 1997 2057 1997 2061 2001 2336 2001 2336 1997 2340 1997 2343 1997 2385 1966 2385 1928 2378 1832 2054 1832 1971 1804 1968 1804 1964 1804 1961 1804 1906 1829 1881 1808 1881 1804 1878 1804 1874 1804 1871 1804 1768 1829 1706 1804 1702 1804 1699 1804 1695 1804 1595 1832 1557 1815 1554 1815 1551 1815 1420 1832 1199 1808 1196 1808 1192 1808 1189 1808 1189 1811 1161 1832 892 1811 889 1811 885 1811 882 1811 854 1835 741 1835 672 1811 668 1811 665 1811 661 1811 658 1811 623 1832 454 1822 451 1822 348 1839 351 1939"/></Shape>
            <String CONTENT="quand aussi ainsi seroit qͥlz fussent de"
                    HPOS="348"
                    VPOS="1804"
                    WIDTH="2037"
                    HEIGHT="200"
                    ></String>
          </TextLine>
          <TextLine ID="eSc_line_740d9ed8"
                    TAGREFS="LT8"
                    BASELINE="341 2080 2374 2073" 
                    HPOS="337"
                    VPOS="1953"
                    WIDTH="2037"
                    HEIGHT="192">
            <Shape><Polygon POINTS="341 2080 341 2125 610 2145 613 2145 616 2145 620 2145 644 2125 951 2125 1244 2145 1247 2145 1251 2145 1254 2145 1278 2125 1344 2142 1347 2142 1351 2142 1502 2121 1557 2142 1561 2142 1564 2142 1568 2142 1640 2125 1750 2142 1754 2142 1864 2121 1885 2139 1888 2139 1892 2139 2326 2142 2329 2142 2333 2142 2336 2142 2374 2118 2374 2073 2364 1973 1823 1980 1730 1956 1726 1956 1723 1956 1719 1956 1668 1980 1613 1959 1609 1959 1606 1959 1602 1959 1530 1980 1454 1953 1451 1953 1447 1953 1444 1953 1351 1984 1323 1959 1323 1956 1320 1956 1316 1956 1223 1956 1220 1956 1216 1956 1213 1956 1168 1984 1037 1956 1034 1956 868 1973 772 1956 768 1956 765 1956 672 1980 627 1956 623 1956 527 1956 523 1956 520 1956 517 1956 517 1959 485 1984 382 1966 379 1966 375 1966 337 1980 341 2080"/></Shape>
            <String CONTENT="mauuaise uie/ affin q̃ ne les incitez a"
                    HPOS="337"
                    VPOS="1953"
                    WIDTH="2037"
                    HEIGHT="192"
                    WC="0.9883863818951142"></String>
          </TextLine>
          <TextLine ID="eSc_line_971b0399"
                    TAGREFS="LT8"
                    BASELINE="334 2228 2374 2218" 
                    HPOS="330"
                    VPOS="2101"
                    WIDTH="2044"
                    HEIGHT="189">
            <Shape><Polygon POINTS="334 2228 334 2276 355 2290 358 2290 361 2290 365 2290 368 2290 468 2266 778 2266 813 2290 816 2290 820 2290 823 2290 827 2290 878 2263 1037 2263 1092 2287 1096 2287 1099 2287 1299 2280 1302 2280 1306 2280 1306 2276 1323 2263 1392 2287 1395 2287 1399 2287 1402 2287 1471 2269 1664 2287 1668 2287 1671 2287 1733 2266 1768 2283 1771 2283 1775 2287 2261 2287 2261 2283 2264 2283 2374 2252 2374 2218 2364 2111 1988 2125 1930 2101 1926 2101 1923 2101 1919 2101 1857 2125 1809 2108 1806 2108 1802 2108 1799 2108 1795 2108 1795 2111 1778 2128 1519 2128 1502 2114 1502 2111 1499 2111 1495 2111 1492 2111 1488 2111 1426 2128 1333 2104 1330 2104 1326 2104 1323 2104 1320 2104 1320 2108 1299 2128 1182 2128 1147 2108 1144 2108 1140 2108 1137 2108 1133 2108 1061 2128 985 2108 982 2108 978 2108 837 2132 792 2108 789 2108 785 2108 551 2128 510 2108 506 2108 330 2108 334 2228"/></Shape>
            <String CONTENT="plꝰ grãdz couroux: parquoy ilz pour¬"
                    HPOS="330"
                    VPOS="2101"
                    WIDTH="2044"
                    HEIGHT="189"
                    WC="0.9948434104790559"></String>
          </TextLine>
          <TextLine ID="eSc_line_e1da0e3b"
                    TAGREFS="LT8"
                    BASELINE="327 2366 2371 2366" 
                    HPOS="327"
                    VPOS="2252"
                    WIDTH="2044"
                    HEIGHT="176">
            <Shape><Polygon POINTS="327 2366 327 2404 458 2428 461 2428 465 2428 541 2407 589 2428 592 2428 596 2428 772 2407 792 2424 792 2428 796 2428 799 2428 803 2428 909 2407 982 2407 1002 2424 1002 2428 1006 2428 1009 2428 1013 2428 1016 2428 1106 2407 1795 2428 1799 2428 1899 2411 2109 2428 2112 2428 2116 2428 2119 2428 2147 2411 2302 2428 2305 2428 2309 2428 2371 2404 2371 2366 2367 2259 1785 2273 1726 2252 1723 2252 1719 2252 1716 2252 1713 2252 1681 2273 1657 2252 1654 2252 1650 2252 1647 2252 1644 2252 1585 2273 1557 2252 1554 2252 1551 2252 1547 2252 1416 2273 1395 2256 1395 2252 1392 2252 1389 2252 1306 2252 1302 2252 1299 2252 1223 2273 1189 2252 1185 2252 1182 2252 1178 2252 1175 2252 1116 2269 992 2252 989 2252 847 2273 792 2252 789 2252 785 2252 782 2252 778 2252 744 2273 672 2252 668 2252 665 2252 661 2252 658 2252 623 2273 496 2252 492 2252 327 2273 327 2366"/></Shape>
            <String CONTENT="royẽt faire plꝰ grãd moleste ⁊ oppres¬"
                    HPOS="327"
                    VPOS="2252"
                    WIDTH="2044"
                    HEIGHT="176"
                    WC="0.9883855968713761"></String>
          </TextLine>
          <TextLine ID="eSc_line_538c5339"
                    TAGREFS="LT8"
                    BASELINE="320 2521 1264 2500 2367 2507" 
                    HPOS="317"
                    VPOS="2380"
                    WIDTH="2050"
                    HEIGHT="186">
            <Shape><Polygon POINTS="320 2521 320 2566 465 2545 541 2566 544 2566 548 2566 551 2566 603 2545 923 2566 927 2566 1027 2562 1030 2562 1034 2562 1034 2559 1054 2542 1154 2562 1158 2562 1161 2562 1220 2542 1416 2559 1420 2559 1423 2559 1426 2559 1426 2555 1430 2555 1440 2538 1561 2538 1761 2538 1785 2559 1788 2559 1792 2559 1795 2559 1964 2555 1968 2555 1971 2555 1971 2552 1974 2552 1981 2542 2012 2559 2016 2559 2019 2559 2023 2559 2367 2555 2367 2507 2364 2407 2171 2404 2150 2383 2150 2380 2147 2380 2143 2380 2140 2380 2136 2380 2133 2380 2099 2407 1992 2390 1988 2390 1985 2390 1981 2390 1981 2393 1964 2411 1778 2411 1668 2383 1664 2383 1557 2407 1499 2387 1495 2387 1133 2387 1130 2387 1127 2387 1037 2407 923 2387 920 2387 916 2387 823 2418 565 2418 517 2390 513 2390 510 2390 506 2390 454 2414 375 2390 372 2390 368 2390 365 2390 317 2411 320 2521"/></Shape>
            <String CONTENT="sion aux Chrestiẽs. Car uous debuez"
                    HPOS="317"
                    VPOS="2380"
                    WIDTH="2050"
                    HEIGHT="186"
                    WC="0.9872177309460111"></String>
          </TextLine>
          <TextLine ID="eSc_line_9889be2e"
                    TAGREFS="LT8"
                    BASELINE="337 2648 2388 2648" 
                    HPOS="337"
                    VPOS="2528"
                    WIDTH="2051"
                    HEIGHT="179">
            <Shape><Polygon POINTS="337 2648 337 2690 885 2707 889 2707 971 2690 1013 2707 1016 2707 1020 2707 1127 2690 1695 2690 1764 2707 1768 2707 1771 2707 1775 2707 1778 2707 1778 2703 1795 2690 2005 2690 2133 2707 2136 2707 2140 2707 2174 2690 2343 2707 2347 2707 2350 2707 2388 2686 2388 2648 2388 2555 2164 2535 2161 2535 2157 2535 2154 2535 2133 2555 1988 2555 1964 2531 1964 2528 1961 2528 1957 2528 1868 2528 1864 2528 1861 2528 1778 2552 1754 2531 1754 2528 1750 2528 1747 2528 1650 2528 1647 2528 1644 2528 1571 2552 1547 2531 1547 2528 1544 2528 1540 2528 1537 2528 1395 2545 1326 2528 1323 2528 1320 2528 1316 2528 1313 2528 1282 2548 1178 2535 1175 2535 1089 2552 958 2528 954 2528 951 2528 947 2528 909 2552 851 2528 847 2528 844 2528 840 2528 837 2528 837 2531 813 2555 741 2555 710 2528 706 2528 703 2528 575 2528 572 2528 568 2528 503 2552 410 2531 406 2531 403 2531 337 2552 337 2648"/></Shape>
            <String CONTENT="tousioͬs labourer de bailler bõ exẽple"
                    HPOS="337"
                    VPOS="2528"
                    WIDTH="2051"
                    HEIGHT="179"
                    WC="0.9852857902646065"></String>
          </TextLine>
          <TextLine ID="eSc_line_393cd104"
                    TAGREFS="LT8"
                    BASELINE="341 2793 2388 2783" 
                    HPOS="337"
                    VPOS="2666"
                    WIDTH="2051"
                    HEIGHT="196">
            <Shape><Polygon POINTS="341 2793 341 2834 530 2862 534 2862 537 2862 541 2862 541 2858 568 2834 761 2834 882 2862 885 2862 889 2862 944 2834 1047 2858 1051 2858 1244 2831 1316 2858 1320 2858 1323 2858 1471 2838 1537 2858 1540 2858 1544 2858 1547 2858 1551 2858 1588 2831 1654 2831 1692 2858 1695 2858 1699 2858 1702 2858 1816 2841 2226 2855 2230 2855 2385 2824 2388 2783 2381 2697 2216 2697 2181 2666 2178 2666 2174 2666 2171 2666 2167 2666 2112 2693 1881 2676 1878 2676 1785 2693 1706 2666 1702 2666 1699 2666 1695 2666 1626 2686 1513 2669 1509 2669 1506 2669 1444 2697 1389 2672 1385 2672 1085 2669 1082 2669 1078 2669 1075 2669 1034 2697 971 2672 968 2672 965 2672 961 2672 865 2700 834 2676 830 2676 827 2676 823 2676 692 2700 589 2672 585 2672 582 2672 579 2672 575 2672 575 2676 544 2700 475 2683 472 2683 468 2683 337 2703 341 2793"/></Shape>
            <String CONTENT="aux autres ꝑ ur̃e patiẽce/ poͬ ainsi re¬"
                    HPOS="337"
                    VPOS="2666"
                    WIDTH="2051"
                    HEIGHT="196"
                    WC="0.9878236811335493"></String>
          </TextLine>
          <TextLine ID="eSc_line_47e617cd"
                    TAGREFS="LT8"
                    BASELINE="344 2941 2395 2931" 
                    HPOS="341"
                    VPOS="2810"
                    WIDTH="2054"
                    HEIGHT="193">
            <Shape><Polygon POINTS="344 2941 344 2979 582 2993 585 2993 589 2993 592 2993 592 2989 610 2976 720 2976 785 2993 789 2993 792 2993 796 2993 865 2976 982 3003 985 3003 989 3003 1061 2972 1154 2993 1158 2993 1161 2993 1216 2972 1526 2996 1530 2996 1533 2996 1537 2996 1571 2976 1706 3000 1709 3000 1713 3000 1716 3000 1754 2972 1788 2996 1792 2996 1795 2996 1799 3000 1906 3000 1906 2996 1909 2996 1981 2969 2092 2996 2095 2996 2099 3000 2323 3000 2323 2996 2326 2996 2329 2996 2357 2979 2388 2993 2395 2931 2388 2827 2312 2810 2309 2810 2305 2810 2202 2838 1781 2824 1778 2824 1699 2838 1630 2814 1626 2814 1623 2814 1619 2814 1523 2841 1488 2814 1485 2814 1482 2814 1478 2814 1475 2814 1413 2834 1230 2814 1227 2814 1096 2841 961 2817 958 2817 837 2845 778 2817 775 2817 658 2817 654 2817 651 2817 647 2817 623 2838 561 2821 558 2821 554 2821 551 2821 548 2821 520 2845 430 2817 427 2817 423 2817 420 2817 341 2848 344 2941"/></Shape>
            <String CONTENT="traire les Seigñrs de leur mauuaise"
                    HPOS="341"
                    VPOS="2810"
                    WIDTH="2054"
                    HEIGHT="193"
                    WC="0.9998763021495607"></String>
          </TextLine>
          <TextLine ID="eSc_line_84cb153c"
                    TAGREFS="LT8"
                    BASELINE="355 3089 2395 3079" 
                    HPOS="351"
                    VPOS="2951"
                    WIDTH="2044"
                    HEIGHT="193">
            <Shape><Polygon POINTS="355 3089 355 3117 448 3144 451 3144 454 3144 575 3117 658 3134 661 3134 665 3134 716 3117 820 3144 823 3144 827 3144 1082 3113 1199 3113 1233 3141 1237 3141 1240 3141 1244 3141 1247 3141 1330 3113 1413 3141 1416 3141 1420 3141 1530 3117 1709 3141 1713 3141 1716 3141 1761 3117 1954 3137 1957 3137 2140 3110 2171 3134 2171 3137 2174 3137 2178 3137 2181 3141 2329 3141 2329 3137 2333 3137 2395 3103 2395 3079 2388 2982 2112 2982 2030 2951 2026 2951 1933 2951 1930 2951 1926 2951 1923 2951 1923 2955 1899 2976 1885 2965 1881 2965 1878 2965 1874 2965 1702 2982 1626 2982 1602 2958 1602 2955 1599 2955 1595 2955 1592 2955 1588 2955 1492 2982 1406 2955 1402 2955 1399 2955 1320 2972 1295 2955 1292 2955 1289 2955 1047 2955 1044 2955 1040 2955 975 2986 892 2958 889 2958 885 2958 882 2958 878 2958 837 2989 765 2989 710 2958 706 2958 630 2958 627 2958 623 2958 620 2958 589 2982 561 2962 558 2962 554 2962 551 2962 351 2962 355 3089"/></Shape>
            <String CONTENT="uie/ uoyãs ur̃e saincte ⁊ paysible con"
                    HPOS="351"
                    VPOS="2951"
                    WIDTH="2044"
                    HEIGHT="193"
                    WC="0.9905063525224344"></String>
          </TextLine>
          <TextLine ID="eSc_line_838f5916"
                    TAGREFS="LT8"
                    BASELINE="351 3237 2381 3224" 
                    HPOS="348"
                    VPOS="3093"
                    WIDTH="2033"
                    HEIGHT="199">
            <Shape><Polygon POINTS="351 3237 355 3289 410 3272 527 3272 548 3289 548 3292 551 3292 554 3292 558 3292 561 3292 634 3272 751 3272 775 3292 778 3292 782 3292 785 3292 1078 3268 1130 3289 1133 3289 1137 3289 1140 3289 1213 3268 1357 3268 1375 3282 1375 3286 1378 3286 1382 3286 1385 3286 1389 3286 1444 3265 1499 3286 1502 3286 1506 3286 1616 3265 1647 3286 1650 3286 1654 3286 1657 3286 1661 3286 1709 3265 1840 3286 1843 3286 1847 3286 1916 3261 1978 3282 1981 3282 1985 3282 2378 3268 2381 3224 2374 3127 2161 3127 2109 3093 2105 3093 2102 3093 2099 3093 1961 3110 1940 3096 1937 3096 1933 3096 1930 3096 1926 3096 1923 3096 1909 3110 1895 3100 1895 3096 1892 3096 1888 3096 1885 3096 1881 3096 1878 3096 1843 3127 1771 3100 1768 3100 1764 3100 1761 3100 1757 3100 1716 3127 1616 3127 1526 3096 1523 3096 1519 3096 1516 3096 1513 3096 1464 3131 1357 3131 1282 3100 1278 3100 1275 3100 1271 3100 1237 3117 985 3100 982 3100 978 3100 847 3137 758 3137 713 3103 710 3103 706 3103 537 3103 534 3103 348 3137 351 3237"/></Shape>
            <String CONTENT="uersation. Et pour ceste cause qͥ uous"
                    HPOS="348"
                    VPOS="3093"
                    WIDTH="2033"
                    HEIGHT="199"
                    WC="0.9837780861478103"></String>
          </TextLine>
          <TextLine ID="eSc_line_2223e4ce"
                    TAGREFS="LT8"
                    BASELINE="355 3379 2392 3372" 
                    HPOS="351"
                    VPOS="3248"
                    WIDTH="2041"
                    HEIGHT="179">
            <Shape><Polygon POINTS="355 3379 355 3416 2385 3427 2392 3372 2385 3275 1999 3275 1974 3251 1974 3248 1971 3248 1968 3248 1906 3248 1902 3248 1899 3248 1895 3248 1895 3251 1874 3268 1840 3248 1837 3248 1833 3248 1444 3248 1440 3248 1437 3248 1361 3279 1058 3279 971 3255 968 3255 965 3255 775 3275 741 3251 737 3251 734 3251 623 3251 620 3251 616 3251 565 3275 517 3255 513 3255 510 3255 506 3255 503 3255 472 3275 389 3255 386 3255 382 3255 379 3255 351 3265 355 3379"/></Shape>
            <String CONTENT="demãde tribut ou taille/ uoꝰ luy dõne"
                    HPOS="351"
                    VPOS="3248"
                    WIDTH="2041"
                    HEIGHT="179"
                    WC="0.9985773043754773"></String>
          </TextLine>
          <TextLine ID="eSc_line_894ead41"
                    TAGREFS="LT8"
                    BASELINE="351 3523 2360 3516" 
                    HPOS="348"
                    VPOS="3392"
                    WIDTH="2012"
                    HEIGHT="200">
            <Shape><Polygon POINTS="351 3523 355 3585 406 3565 706 3565 744 3589 747 3589 751 3589 754 3592 882 3592 882 3589 885 3589 889 3589 920 3565 1089 3589 1092 3589 1244 3565 1320 3589 1323 3589 1326 3589 1330 3589 1413 3561 1516 3585 1519 3585 1523 3585 1578 3565 1650 3585 1654 3585 1657 3589 2016 3589 2016 3585 2360 3554 2360 3516 2350 3406 2254 3416 2188 3392 2185 3392 2181 3392 2178 3392 2174 3392 2133 3420 1923 3420 1899 3396 1895 3396 1892 3396 1888 3396 1885 3396 1823 3416 1792 3392 1788 3392 1785 3392 1623 3392 1619 3392 1616 3392 1613 3392 1588 3413 1561 3392 1557 3392 1554 3392 1551 3392 1409 3416 1389 3399 1389 3396 1385 3396 1382 3396 1206 3396 1202 3396 1199 3396 1106 3420 1051 3396 1047 3396 1044 3396 892 3420 803 3396 799 3396 582 3396 579 3396 575 3396 572 3396 551 3413 537 3403 534 3403 530 3403 527 3403 348 3423 351 3523"/></Shape>
            <String CONTENT="rez. En toutes telles choses serez uoꝰ"
                    HPOS="348"
                    VPOS="3392"
                    WIDTH="2012"
                    HEIGHT="200"
                    WC="0.9833305117331053"></String>
          </TextLine>
          <TextLine ID="eSc_line_25cb8ff6"
                    TAGREFS="LT8"
                    BASELINE="361 3661 2392 3668" 
                    HPOS="358"
                    VPOS="3544"
                    WIDTH="2034"
                    HEIGHT="186">
            <Shape><Polygon POINTS="361 3661 358 3702 596 3726 599 3726 699 3709 775 3726 778 3726 782 3726 1295 3709 1371 3730 1375 3730 1378 3730 1468 3713 2316 3730 2319 3730 2323 3730 2388 3709 2392 3668 2385 3547 2226 3568 2026 3547 2023 3547 2019 3547 2016 3547 1992 3568 1719 3551 1716 3551 1637 3568 1595 3547 1592 3547 1588 3547 1585 3547 1519 3568 1488 3547 1485 3547 1482 3547 1478 3547 1375 3568 1282 3568 1261 3547 1261 3544 1258 3544 1254 3544 1251 3544 1151 3565 1068 3544 1065 3544 1061 3544 1058 3544 1013 3568 751 3568 706 3544 703 3544 699 3544 361 3561 361 3661"/></Shape>
            <String CONTENT="obeissans aux Seigñrs/ quand aussi"
                    HPOS="358"
                    VPOS="3544"
                    WIDTH="2034"
                    HEIGHT="186"
                    WC="0.9894511342048645"></String>
          </TextLine>
          <TextLine ID="eSc_line_ae17eec1"
                    TAGREFS="LT8"
                    BASELINE="365 3813 2388 3813" 
                    HPOS="365"
                    VPOS="3702"
                    WIDTH="2023"
                    HEIGHT="166">
            <Shape><Polygon POINTS="365 3813 365 3868 2388 3864 2388 3813 2388 3709 365 3702 365 3813"/></Shape>
            <String CONTENT="iceux seroiẽt payẽs, affin q̃ ꝑ tel moyẽ"
                    HPOS="365"
                    VPOS="3702"
                    WIDTH="2023"
                    HEIGHT="166"
                    WC="0.9932114606679872"></String>
          </TextLine>
          <TextLine ID="eSc_line_dcffcd41"
                    TAGREFS="LT8"
                    BASELINE="368 3957 2381 3957" 
                    HPOS="368"
                    VPOS="3840"
                    WIDTH="2013"
                    HEIGHT="186">
            <Shape><Polygon POINTS="368 3957 368 4002 713 4002 737 4023 741 4023 744 4023 747 4026 889 4026 889 4023 892 4023 896 4023 916 4002 989 4023 992 4023 996 4023 1082 4005 1196 4023 1199 4023 1202 4023 1247 4002 1433 4023 1437 4023 1771 4019 1775 4019 1778 4019 1806 4002 1881 4023 1885 4023 1888 4023 2154 4002 2181 4023 2185 4023 2188 4023 2192 4023 2381 4012 2381 3957 2381 3868 2264 3868 2236 3844 2236 3840 2233 3840 2230 3840 2116 3840 2112 3840 2109 3840 2105 3840 2105 3844 2081 3868 1985 3868 1961 3844 1961 3840 1957 3840 1954 3840 1950 3840 1947 3840 1881 3864 1799 3844 1795 3844 1792 3844 1788 3844 1785 3844 1754 3868 1399 3868 1371 3844 1371 3840 1368 3840 1364 3840 1361 3840 1357 3840 1306 3868 1209 3868 1178 3844 1175 3844 1171 3844 1020 3840 1016 3840 1013 3840 1009 3840 992 3857 934 3840 930 3840 927 3840 820 3864 651 3840 647 3840 644 3840 641 3840 641 3844 620 3861 599 3844 599 3840 596 3840 592 3840 589 3840 368 3840 368 3957"/></Shape>
            <String CONTENT="uoꝰ les puissiez attraire a la foy Chre"
                    HPOS="368"
                    VPOS="3840"
                    WIDTH="2013"
                    HEIGHT="186"
                    WC="0.9799411541376358"></String>
          </TextLine>
          <TextLine ID="eSc_line_d469ee29"
                    TAGREFS="LT8"
                    BASELINE="368 4105 2392 4112" 
                    HPOS="365"
                    VPOS="3985"
                    WIDTH="2027"
                    HEIGHT="182">
            <Shape><Polygon POINTS="368 4105 365 4150 382 4164 386 4164 389 4164 392 4164 513 4147 985 4147 1002 4160 1002 4164 1006 4164 1009 4164 1013 4164 1144 4147 1254 4164 1258 4167 1258 4164 1364 4147 1440 4167 1444 4167 1447 4167 1451 4167 1495 4150 2271 4167 2274 4167 2388 4147 2392 4112 2388 3988 2240 3988 2236 3988 2233 3988 2230 3988 2230 3992 2209 4012 2150 3988 2147 3988 2143 3988 2140 3988 2054 4012 1978 3988 1974 3988 1971 3988 1968 3988 1868 4016 1409 4016 1385 3988 1385 3985 1382 3985 1378 3985 1375 3985 1123 4009 1078 3985 1075 3985 1071 3985 989 4002 899 3985 896 3985 892 3985 889 3985 889 3988 865 4009 368 3992 368 4105"/></Shape>
            <String CONTENT="stiẽne. Ceste est la maniere dobeissã"
                    HPOS="365"
                    VPOS="3985"
                    WIDTH="2027"
                    HEIGHT="182"
                    WC="0.9819354307957184"></String>
          </TextLine>
          <TextLine ID="eSc_line_3e05748d"
                    TAGREFS="LT8"
                    BASELINE="365 4247 2392 4260" 
                    HPOS="361"
                    VPOS="4126"
                    WIDTH="2031"
                    HEIGHT="193">
            <Shape><Polygon POINTS="365 4247 361 4284 599 4288 623 4309 627 4309 630 4309 634 4309 816 4291 923 4312 927 4315 1116 4315 1116 4312 1120 4312 1123 4312 1123 4309 1140 4295 1323 4312 1326 4312 1330 4312 1333 4312 1354 4295 1454 4315 1457 4315 1606 4298 2385 4319 2392 4260 2388 4160 2292 4136 2288 4136 2285 4136 2230 4157 2185 4136 2181 4136 2178 4136 2030 4157 1857 4157 1812 4133 1809 4133 1806 4133 1802 4133 1737 4154 1378 4129 1375 4129 1371 4129 1289 4154 1023 4154 992 4133 989 4133 985 4133 982 4133 875 4150 796 4126 792 4126 789 4126 365 4136 365 4247"/></Shape>
            <String CONTENT="ce laq̃lle enseigne S. Paul au Chap̃."
                    HPOS="361"
                    VPOS="4126"
                    WIDTH="2031"
                    HEIGHT="193"
                    ></String>
          </TextLine>
          <TextLine ID="eSc_line_d0895f21"
                    TAGREFS="LT8"
                    BASELINE="386 4402 2443 4405" 
                    HPOS="382"
                    VPOS="4281"
                    WIDTH="2061"
                    HEIGHT="179">
            <Shape><Polygon POINTS="382 4457 2436 4460 2443 4405 2440 4309 2112 4288 2109 4288 1909 4305 1864 4281 1861 4281 1857 4281 1854 4281 1850 4281 1850 4284 1823 4309 1709 4309 1575 4281 1571 4281 1568 4281 1482 4305 1454 4281 1451 4281 1447 4281 1371 4281 1368 4281 1364 4281 1313 4309 1202 4309 1161 4281 1158 4281 1154 4281 1151 4281 1147 4281 1144 4281 1106 4305 992 4281 989 4281 985 4281 937 4309 840 4309 758 4281 754 4281 517 4281 513 4281 510 4281 506 4281 475 4305 389 4284 386 4402 382 4457"/></Shape>
            <String CONTENT="dessusdict. Iesus Christ mesmes/ a ꝑ"
                    HPOS="382"
                    VPOS="4281"
                    WIDTH="2061"
                    HEIGHT="179"
                    WC="0.9911709460947249"></String>
          </TextLine>
          <TextLine ID="eSc_line_384b6214"
                    TAGREFS="LT8"
                    BASELINE="368 4550 2405 4543" 
                    HPOS="365"
                    VPOS="4426"
                    WIDTH="2040"
                    HEIGHT="210">
            <Shape><Polygon POINTS="368 4550 368 4601 554 4632 558 4636 765 4636 765 4632 768 4632 844 4605 1006 4629 1009 4629 1116 4605 1144 4629 1144 4632 1147 4632 1151 4632 1154 4636 1271 4636 1271 4632 1389 4612 1502 4629 1506 4629 1509 4629 1588 4601 1640 4622 1644 4622 1647 4622 1650 4622 1654 4622 1678 4605 1706 4629 1709 4629 1713 4629 1716 4629 1719 4629 1812 4601 1895 4625 1899 4625 2230 4629 2233 4629 2405 4594 2405 4543 2398 4453 2271 4453 2233 4426 2230 4426 2226 4426 2130 4426 2126 4426 2123 4426 2119 4426 2119 4429 2095 4450 1457 4429 1454 4429 1451 4429 1364 4457 1278 4457 1230 4429 1227 4429 1223 4429 1220 4429 1137 4453 785 4429 782 4429 778 4429 775 4429 775 4433 754 4450 699 4436 696 4436 692 4436 689 4436 685 4436 658 4453 485 4429 482 4429 365 4457 368 4550"/></Shape>
            <String CONTENT="ceste maniere este obeissant aux Sei¬"
                    HPOS="365"
                    VPOS="4426"
                    WIDTH="2040"
                    HEIGHT="210"
                    WC="0.9992500334172636"></String>
          </TextLine>
        </TextBlock>
        <TextBlock HPOS="1480"
                   VPOS="4589"
                   WIDTH="955"
                   HEIGHT="157"
                   ID="eSc_textblock_b73ee489"
                   TAGREFS="BT17">
          <Shape><Polygon POINTS="1480 4589 1480 4746 2435 4746 2435 4589"/></Shape>
          <TextLine ID="eSc_line_1c9fc64c"
                    TAGREFS="LT8"
                    BASELINE="1506 4715 2402 4694" 
                    HPOS="1499"
                    VPOS="4605"
                    WIDTH="903"
                    HEIGHT="210">
            <Shape><Polygon POINTS="1506 4715 1513 4808 1533 4787 1595 4815 1599 4815 1602 4815 1606 4815 1723 4763 1812 4794 1816 4794 1819 4794 1823 4794 1895 4760 2057 4808 2061 4808 2064 4808 2212 4805 2216 4805 2323 4749 2402 4749 2402 4694 2395 4605 1499 4605 1506 4715"/></Shape>
            <String CONTENT="Q 3 gneurs"
                    HPOS="1499"
                    VPOS="4605"
                    WIDTH="903"
                    HEIGHT="210"
                    ></String>
          </TextLine>
        </TextBlock>
      </PrintSpace>
    </Page>
  </Layout>
</alto>
