4267 6225
1501 529 298 235 234

2055 529 1523 197 De deux gouuernemens.

1719 708 2160 198 lautre ioue/ ⁊ porter la beuffe patiem¬

1726 864 2146 194 mẽt/ ⁊ laisse aller le sayõ auec la robe/

1733 1020 2160 186 sil touchoit a ton ꝓpre affaire. Ainsi se

1730 1175 2156 184 peut il bien faire ensemble/ que tu sois

1730 1328 2166 193 egallemẽt subiect au royaume de dieu

1730 1483 2173 177 et du mõde/ lun interieuremẽt/ ct lau¬

1730 1639 2170 190 tre exterieuremẽt q̃ tu seuffres mal et

1726 1791 2174 190 iniure/ ⁊ q̃ tu punyz ⁊ reprens toutes¬

1744 1940 2159 193 foys le mal et iniure/ et q̃ tu ne resiste

1733 2095 2170 194 point a mal/ ⁊ q̃ toutesfoys tu y resiste

1730 2241 2166 186 Car en lun cõsidere tu toy mesme ⁊ tõ

1740 2389 2149 187 ꝓpre bien/ ⁊ en lautre ton ꝓchain ⁊ sõ

1737 2531 2156 180 bien. Touchãt a toy ⁊ a tes biẽs/ tu te

1744 2669 2142 197 tiens ⁊ gouuernes selõ lEuãgile/ ⁊ tu

1744 2822 2142 204 seuffre iniure/ et tu ne resiste point a

1744 2974 2128 204 mal cõe un uray Chrestien. Touchãt

1747 3133 2118 200 ton ꝓchain ⁊ ses biẽs/ tu te tiẽs ⁊ gou

1747 3285 2153 201 uernes selõ la charite/ ⁊ tu resiste a lin

1744 3434 2114 197 iure laq̃lle est faictes a ton ꝓchain/ ce

1751 3586 2100 200 q̃ lEuãgile ne deffend poĩt/ mais plꝰ

1751 3738 1851 183 commande en autres passaiges.

1896 3890 1966 208 Plusieurs sainctes personnes ont

1761 4042 2094 187 use du glaiue en ceste maniere des le

1754 4191 2083 194 cõmẽcemẽt du mõde. Cõe il est escript

1770 4352 2055 166 en Genese d Abrahã leq̃l deliura Loth.

1751 4492 2059 232 le filz de son frere/ ⁊ occist les quatres

3481 4672 315 221 roys/

1318 4310 436 203 Geñ.14.
