4267 6400
1699 629 313 256 202

2492 625 1163 214 La uie dun citoyen.

1930 782 2141 242 ainsi ordonne/ pour esmouuoir/ ⁊ en¬

1941 952 2112 217 tretenir eharite entre les Chrestiens/

1948 1102 2123 220 par ce que lun a besoing du secours de

1941 1262 2130 213 lautre/ cõme le brasseur a besoing du

1941 1404 2130 224 boulengier/ et de rechief le boulengier

1923 1575 2137 209 du brasseur/ et ainsi des autres/ affin

1941 1717 2126 210 quainsi nous seruions/ et aydions

1930 1870 2141 217 lun lautre par charite/ et que ne soyõs

1934 2026 2133 210 oyseux. Et pourtant doibt le mesna¬

1934 2179 2116 203 gier/ et tout ouurier faire son labeur

1930 2336 2095 181 diligemment/ et ioycusement/ en tout

1927 2467 2091 206 nant tout son labeur a lhonneur de

1934 2616 2098 203 Dieu: croyant quen faisant sa beson¬

1934 2759 2105 217 gne par une telle bonne intention/ il

1937 2915 2105 217 sert Dieu, et que son labeue plaist a

1930 3064 2109 214 Dieu/ et ce par Iesu Christ/ auquel il

1927 3214 2105 206 croit, et se fie. Quand ainsi seroit que

1916 3367 2105 217 tu sceusses de uray que tu mourrois

1920 3530 2098 203 eoutesfoys en icelle iournee/ tu demou

1920 3676 2087 203 reras en ton labeur croyant certaine¬

1923 3836 2077 196 ment que ton labeur est aggreable a

1927 3975 2062 209 Dieu. Et tu pẽseras que tu ne face ia

1923 4128 2052 199 mais ton labeur par auarice/ pour de¬

1927 4273 2023 196 uenir riche pour manger delicatemẽt/

1930 4440 2034 196 ou auoir bon temps. Car quand tu la

1927 4572 2027 249 beure par telle intention/ ton labeur

3797 4775 167 145 ne
