4267 6154
2400 605 184 230 77

984 615 828 205 Chapitre uii.

338 764 2036 230 cause, si nous auons parfaicte fiance

353 964 2021 174 en dieu, ⁊ que croyons parfaictement

364 1087 2010 205 en luy, nous serõs certains que serõs

376 1241 2003 198 sauuez. Cestoit une telle foy, laquelle

369 1381 2024 215 auoit sainct Paul/ quand il disoit. Ie

369 1535 1996 208 congnois/ ⁊ suis certain, q̃ celuy a qui

352 1671 2027 212 iay cõmis/ ⁊ baille en garde mon gai¬

345 1822 2024 212 ge/ est puissant de le moy garder iusq̃s

338 1969 2055 212 en icelle iournee. Et de rechef dit il:

338 2097 2000 236 Iay combatu une bonne bataille/ iay

338 2259 2014 212 paracheue mon cours, iay garde foy.

335 2396 2024 212 Ce quil reste, la corõne de iustice mest

348 2536 2014 209 gardee/ laquelle me dõnera le Seigñr

352 2676 2013 230 dieu en icelle iournee/ qui est un iuge,

341 2820 2007 222 iuste, non seulemẽt a moy, mais a toꝰ

338 2977 2021 212 ceux, qui ayment son aduenemẽt. Et

348 3104 1956 246 sainct Iehã dit. Maintenãt, mes tres¬

345 3258 2014 229 chers/ sommes noꝰ enfans de Dieu/

362 3412 1990 218 ⁊ ce que serons nest point encore mani

348 3552 2007 232 feste. Mais nous scauons, que apres

341 3695 2004 226 que dieu le aura mõstre, nous serons

335 3849 2003 212 semblables a luy, car nous le uerrõs

331 3979 2004 243 cõme il est. Poͬ ceste cause debuons

331 4130 2004 242 nous aymer la mort ⁊ plus desirer a

328 4273 2010 250 mourir/ ⁊ destre auec dieu (cõme fist

338 4427 1990 256 sainct Paul) que de craindre la mort.

2054 4629 274 215 Car

2393 1504 410 174 2.Cim̃.1

2364 2107 384 277 2.Ti.4.

2355 3200 434 307 2.Iehã.3.
