4267 6225
1702 508 332 285 248

2633 539 834 211 De la guerre.

1951 702 2101 235 un hõe de mestier/ qͥ esbauche ⁊ couppe

1927 861 2118 231 de quelque piece de bois les plus gros

1941 1013 2097 225 noeudz. Il ne faict point ce/ pour ⁊ af

1967 1151 2076 249 fin q̃lle demeure ainsi cõe elle estoit ꝑ

1955 1317 2076 218 deuant/ mais quand les dictz noeudz

1937 1469 2101 229 sont couppez/ alors uiẽt un meilleur

1941 1621 2101 232 maistre/ qͥ le faict plus polly dune lar

1937 1777 2108 225 ge coignee ou dun rabot. Ainsi faisoit

1931 1926 2114 235 S. Iehan par sa p̃dication. Il ne fai¬

1924 2085 2124 228 soit nul ꝑfaict par sa p̃dication/ mais

1917 2230 2131 232 il esbauchoit ⁊ couppoit seulement les

1924 2382 2107 218 gros noeudz: cestadire/ les gros pe¬

1917 2510 2107 249 chez. Et pour ceste cause nestoit il au¬

1917 2659 2090 246 tre chose quune uoix/ laq̃lle crioit quõ

1915 2796 2097 249 feist la uoye au Seigñr Dieu/ mais

1896 2960 2076 238 il nestoit la lumiere/ cõe dit S. Iehan

1899 3112 2061 239 lEuangeliste. Et il ne pouuoit aussi

1899 3257 2056 239 pardõner les pechez/ car il nestoit poĩt

1899 3416 2021 239 Christ. Mais estoit seulem̃t une uoix

1899 3575 2032 225 et un p̃curseur ⁊ annonceur/ qͥ appre¬

1899 3717 2025 246 stoit la uoye ⁊ la uenue ð Iesu christ.

1886 3873 2038 232 Et pour ceste cause enuoya S. Iehan

1899 4018 2015 242 ses disciples a Iesu Christ quand il

1889 4174 2000 231 debuoit mourir/ affin qͥlz peussent ap

1879 4333 1986 228 prendre la perfection de luy. Car il les

1875 4482 1994 269 auoit seulemẽt apprestez pour uenir a

3567 4672 288 252 Iesu

1456 2476 430 204 Esa.40.

1450 2946 332 197 Ieh.1.

1432 3849 391 183 Luce.7.
