4267 6225
1522 598 239 249 238

2491 553 727 194 Des iuges.

1744 702 2145 252 ptesme, ⁊ auons tous entreprins une

1754 864 2146 239 mesme reigle, cest la doctrine Euãge¬

1758 1027 2145 218 lique. Selon icelle nous fault il tous

1768 1172 2125 214 mener ⁊ gouuerner nostre uie. Et noꝰ

1768 1317 2146 246 ne pouuõs dire. Laissez icelle tenir les

1778 1490 2142 218 moines ⁊ les p̃bstres: car nous auons

1775 1635 2159 215 toꝰ autãt ꝓmis lun cõe lautre. Pour¬

1775 1787 2156 218 tant quãd les Seigñr ueulent uiure/

1775 1929 2159 249 cõe ilz doibuẽt selõ lEuãgile, il fault

1789 2081 2142 246 premieremẽt obseruer et garder deux

1792 2237 2156 232 choses, cestassauoir misericorde ⁊ iusti

1796 2375 2149 236 ce. Et aussi qͥlz sachent quand il fault

1803 2517 2142 235 estre misericordieux, ⁊ quand il fault

1816 2656 2118 243 user de iustice. Premieremẽt dõc il

1823 2825 2104 239 fault q̃ ton intẽtion soit de uouloir ꝑ

1813 2977 2125 225 ton office deffendre le droit, ⁊ dabsou¬

1813 3133 2132 221 dre linnocẽt, ⁊ par le droit ciuil secou¬

1813 3278 2135 242 rir a la iustice Euãgelique, reprenãt ⁊

1816 3434 2129 235 arguãt publiquemẽt, ⁊ sans q̃lque fa¬

1823 3586 2115 228 ueur toutes choses iniustes: affin q̃ les

1830 3741 2104 229 citoyens puissent franchement uiure

1847 3887 2084 238 soubz ta ꝓtectiõ, estãs p̃seruez des lar

1841 4046 2066 225 rõs, meurtriers, ⁊ de toute oppression

1873 4196 2020 208 ou iniure autãt qͥl test possible. Quãd

1854 4340 2046 228 tu le faictz ainsi, tu es un seruiteur de

1879 4485 2007 277 Dieu. Mais il faux q̃ tu te gardes en

3578 4637 315 218 telles

1375 4243 472 207 Rom.13.
