4267 6250
1681 618 299 218 166

2567 621 869 188 Des nonnes.

1966 795 2130 208 soit facillement/ par le drap q̃lles por¬

1963 968 1998 191 toyent autour de leur chief et col.

2098 1121 2016 194 Apres ce/ Marcella/ et Paula ont

1959 1277 2155 191 entreprins de edifier a Rome un mo¬

1963 1430 2151 205 nastere. Car telles uierges ne uiuoyẽt

1977 1593 2133 191 point sans danger/ en lhostel de leurs

1977 1756 2137 167 parens. Et ainsi ont prins commence

1977 1899 2130 170 ment les cloistres des nõnes. Et elles

1987 2052 2113 201 soloyent gagnier les despens par le la

1973 2215 2130 173 beur de leurs mains. Et ne chantoyẽt

1980 2364 2116 191 point cõe les nonnes de maintenant/

1973 2513 2127 188 mais lisoyent des pseaulmes en ou¬

1977 2663 2119 201 urant. Et ainsi seruoyẽt elles a Dieu

1977 2819 2123 201 en toute obediẽce/ chastete/ labeur/ sim

1980 2975 2127 198 plesse ⁊ humilite. Et leur uestemẽt

1987 3135 2116 184 estoit simple pour contemner le mon¬

1977 3284 2130 198 de. Et elles auoyent le chief couuert/

1980 3440 2144 195 affin q̃lles ne ueissent nully/ et q̃ nul

1980 3597 2130 191 ne les ueist. Maĩtenãt (Dieu le ueu¬

1977 3770 2123 167 le amẽder) tout est tourne a baubãt et

1973 3902 2085 191 oultrecuidãce. Elles senorgueillissent

1977 4062 2071 191 maintenãt a cause du chaperõ/ lequel

1973 4222 2075 177 leur fut premieremẽt donne pour hu¬

1980 4375 2064 184 milite. Et ainsi est tout tourne a bau¬

1984 4524 2043 191 bant et orgueil, cueuurechief/ ueste¬

1984 4690 2025 212 mentz/ coroyes/ couteaux/ pãtoffles/

3766 4836 257 177 telle¬
