4267 6371
1593 552 220 230 24

2507 566 892 191 Du baptesme.

1901 725 2100 216 foys couraige/ croyons que nous som

1890 891 2068 206 mes en la puissance ⁊ bonte de Dieu,

1887 1040 2082 205 ⁊ promettons de mourir a noz pechez.

1887 1185 2096 209 Et cõme par une ferme Foy ⁊ fiance

1887 1348 2100 191 nous losons commencer, Dieu nous

1898 1493 2075 205 donne pareillement grace de uuyder

1890 1642 2079 212 dicelle mer, cestadire, de ceste mort spi

1876 1794 2093 205 rituelle ⁊ de arriuer a terre, assauoir a

1876 1950 2093 205 la uie eternelle. Pharao, cestadire, le

1880 2109 2086 184 diable auec noz pechez nous poursuy¬

1883 2254 2075 212 uent/ mais ilz se noyẽt en leaue. Cesta

1876 2396 2082 216 dire, la uertu du diable ⁊ tous noz pe

1876 2555 2086 212 chez perissent quãd auec une telle foy

1869 2700 2068 209 noꝰ entrons en leaue de baptesme pro

1873 2838 2061 234 testãs de nostre Foy. Quãd Pha¬

1876 2997 2061 220 rao estoit mort/ alors chantoyent les

1876 3143 2058 237 enfans Disrael ⁊ remercioyẽt Dieu,

1876 3305 2068 209 pource que hors du dãger de la mort

1866 3447 2078 223 ilz estoyent arriuez a terre. Ainsi fera

1859 3599 2068 223 le Chrestien quand hors de ceste eaue,

1862 3748 2072 223 assauoir hors de ceste spirituelle mort

1848 3900 2079 223 il uient a la uie, cestadire, quand il

1844 4049 2061 223 meurt/ il remerciera ⁊ louera Dieu,

1837 4204 2075 220 pource quil la mene hors dun tel dan¬

1837 4357 2061 215 ger, au salut de la uie eternelle. Mais

1830 4509 2051 279 aussi longuement qͥl est encore icy en

3750 4718 113 169 ce

1441 3104 389 187 Exo.14.
