4267 6200
2405 688 228 214 2

1085 675 910 206 Chapitre .xxu.

379 837 1999 206 uiure/ ⁊ tu as edifie une raisonnable

375 1002 2017 189 maison de Dieu. Car les hõmes habi

382 1150 1999 183 tent aux edifices/ mais Dieu demeu¬

379 1295 1995 182 re es hõmes sainctz/ ⁊ de bõne uie. Et

379 1443 1991 189 S. Hierosme dit escripuãt a un nõme

379 1587 1991 186 Celãtia. Quand tu baille la main de

386 1736 1995 186 secours au paoure/ quãd tu uiẽs a se¬

379 1884 2009 179 cours a lhõe en ses necessitez/ quãd tu

358 2025 2027 179 rameine lerrant en la droicte uoye/ tu

355 2166 2019 193 as edifie un aggreable tẽple a Dieu.

351 2325 2030 165 Car les coeurs des sainctes personnes

361 2459 2037 179 sont appellez le tẽple de Dieu, lequel

368 2593 2020 183 quicõques uiolera, Dieu le destruy¬

372 2741 2020 197 ra. Pourtãt riches gẽs, ayez tousioͬs

382 2889 2016 183 souuenance des paoures, et aymez

375 3031 2034 168 mieux a employer uoz aumosnes ou

386 3175 2023 190 uous estes certains q̃lles sont aggrea

372 3320 2023 183 bles a Dieu, ⁊ ou Dieu uous a com¬

386 3461 2009 179 mãde de les faire, q̃ la ou ne scauez si

396 3606 2030 193 uous faictes mal ou bien, cõe poͬ fai¬

386 3771 2012 176 re ymages, chapelles, pelerinages o¬

382 3899 2010 193 bitz, ⁊ autres muẽtiõs humaines par

379 4047 2016 193 lesq̃lles les paoures sont auiourdhuy

375 4202 2034 182 miserablement desrobez/ ⁊ inhumaine

375 4346 2037 186 ment pillez par ceux qͥ les deburoyent

375 4484 2034 217 le plus recõmander/ silz ne queroyent

1479 4650 926 210 O 4 plus

2393 1459 371 163 Hieros¬

2393 1618 178 145 me.

2405 2779 324 159 1.cor.3.
