4267 6457
1891 613 264 264 4o

2802 674 693 208 De la foy.

2049 828 2085 251 Dieu/ laquelle il nous a fait. Comme

2058 990 2068 215 dit sainct Paul. Il nous a predestine/

2036 1156 2090 232 en une election dẽfans de Dieu. Cest

2041 1305 2071 219 icy donc ce que croyrons/ que asseure¬

2036 1452 2090 210 ment nous sommes enfans de Dieu/

2038 1603 1568 197 et que Dieu est nostre pere.

2024 1757 2103 212 Hecod em̃ene ciom̃. as iu les paroi/

2034 1897 2089 223 les de Dieu assauoir/ que tout ce que

2027 2051 2089 219 Dieu a dit/ ⁊ promis aduiendra/ ⁊ se¬

2031 2195 2085 240 ra faict sans nulle faulte. Cõe escript

2052 2351 2053 237 sainct Paul d Abraham. Car Dieu

2020 2503 2089 230 auoit promis a Abraham/ quil auroii

2016 2640 2093 244 un filz/ duquel seroit engẽdre le Sau¬

2013 2794 2099 244 ueur du mõde. Abraham creut ces pa

2016 2948 2082 244 rolles de Dieu/ nonobstant q̃ ce fust

2016 3110 2071 222 cõtre la nature que sa femme conce¬

2013 3260 2056 219 pueroit. Et quand le filz estoit nay/

2009 3404 2057 237 Dieu luy cõmãda qͥl le occist/ ⁊ en fist

2002 3547 2060 237 sacrifice. Et a ce faire Abrahã estoyt

1988 3712 2068 221 tout prest. Et creut quil estoit mieulx

1995 3856 2038 229 possible que son filz resusciteroit/ q̃ les

1998 3992 2015 248 parolles/ ⁊ promesses de Dieu/ ne fis

1988 4143 2031 244 sent urayes. Aussi fermes et certains

1980 4301 2046 236 nous fault il artendre aux parolles

1988 4444 2034 237 de Dieu/ quand ainsi seroit que tout

1977 4611 2036 247 homme du mõde/ ⁊ tous les anges le

3682 4814 319 218 nous

1616 947 447 193 Ephe.1.

1573 2351 452 204 Rom.4.

1546 4530 393 307 Gala.
