4267 6633
1652 740 239 232 I3r

2518 722 941 221 Des moines.

1880 899 2147 228 ment auec son ꝓchain/ ou silz sont mi

1877 1061 2157 221 riez auec lun lautre en une saincte cha

1877 1216 2153 217 rite/ ⁊ qͥl oyt uolũtiers ꝑler de Dieu/

1884 1370 2161 214 et donne uoluntiers selon son pouoir

1903 1525 2146 218 pour Dieu ⁊ nest point triste ne descõ

1906 1676 2139 214 forte pour perte de biens/ ou q̃lque au

1891 1831 2151 214 tre aduersite, ⁊ conforte uolũtiers les

1895 1978 2150 229 desolez/ et meurt en une ferme foy/ et

1895 2137 2139 221 uolũtairement il ne fault point doub

1880 2292 2158 213 ter q̃ une telle personne ne soit sauuee.

2009 2446 2029 210 Maintenant pour ce que iay beau¬

1873 2601 2150 203 coup escript de la foy/ ⁊ commẽt noug

1888 2745 2135 217 sommes enfans de Dieu, ie uueil e¬

1888 2885 2131 228 scripre comment tous estatz doibuent

1888 3036 2124 232 uiure/ et de chascũ estat seul/ une do¬

1880 3187 2106 225 ctrine selon Leuangile, ⁊ les Epistres

1880 3345 2103 225 S. Paul. Et premierement des moi¬

1884 3515 1379 166 nes/ et des nonnains.

1998 3651 1903 218 ¶ De la uie des moines q̃lle el¬

1987 3806 1911 218 le fut au tẽps iadiz. Chap̃.xui.

2197 3968 1776 216 U tẽps iadiz ceux qui uouloiẽt

2202 4095 1760 227 uiure selõ Leuãgile, se souloyẽt

1855 4281 2102 214 retirer aux desers fuyãs la cõpaignie

1858 4422 2091 217 des mondains disant quune personne

1851 4573 2076 221 pouoit mieux garder sa simplicite/

1843 4727 2077 280 chastete/ sobriete/ humilite/ et autres

1843 3973 392 321 I

3514 4897 421 258 uertuz
