4267 7385
463 828 2396 218 ¶ Nous nous desheritons par inobe¬

603 972 2241 234 dience. Chap̃. .x. Page 90

467 1161 2384 225 ¶ Deux manieres de gens uiuãs au

603 1323 2247 221 monde. Chap̃. .xi. 95

439 1501 2412 238 Ceux qui se confient a leurs oeuures

603 1682 2232 221 sont tousiours en soucy. Cha. .xi. 96

443 1854 2392 201 ¶ Le fidele sattẽd a Dieu. Ch. .xi. 112

434 2026 2405 226 ¶ Par q̃l moyen les oeuures sont ag¬

590 2211 2253 209 greables a Dieu. Cha. .xii. 106

418 2379 2417 226 ¶ De quatre mãieres de foy. c. .xiii. 113

410 2556 2429 217 ¶ En quoy gist la chrestiẽte. c. .xiiii. 123

410 2728 2429 213 ¶ On ne doibt point estre triste pour

554 2880 2284 227 la mort. Chap̃. .xu. 127

418 3040 2421 242 ¶ Quelles fus iadiz la uie des moi¬

554 3218 2290 203 nes. Chap̃. .xui. 132

422 3401 2429 225 ¶ De la corruption des moines. Cha

578 3569 2272 234 pitre .xui. 136

426 3745 2417 234 ¶ Si la uie dun moine est bonne com

537 3934 2289 218 paree a un citoyen. Cha. .xuii. 142

434 4115 2368 209 ¶ Les moines ne sont tenuz a leur ꝓ¬

578 4283 2240 213 messe ꝯtraire a salut. Ch. .xuii. 148

430 4451 2392 217 ¶ Dont uient q̃ les moines empirent

541 4609 2266 246 au cloistre. Chap̃. .xuiii. 151

426 4796 2425 213 ¶ De faire moines. Cha. .xix. 161

418 4980 2400 197 ¶ De la uie des moines et des non¬

554 5157 2266 246 nes. Chap̃. .xx. 163

1706 5313 1116 254 R 3 ¶ De la
