4267 6817
1806 687 199 329 8.

2796 681 595 208 Preface.

2019 859 2160 212 tiõ ⁊ aduersite. Car elle scait que cesse

2034 1022 2142 208 uie nest point sa uie ⁊ elle a grãd de/

2042 1196 2137 193 sir apres lautre uie/ ⁊ ne tient cest

2050 1340 2118 201 uie pour la siẽne. Et ce, faict la fo

2042 1514 2141 194 laquelle est tousiours affectueusemq

2034 1666 2149 197 attendante apres Christ nr̃e espouy/

2042 1829 2141 200 mais qͥ na point ceste foy est tout de/

2046 1976 2141 205 sole/ quand il a malheur/ ⁊ sil suy uiẽ

2042 2135 2145 209 biẽ/ il saddõne a uolupte/ ⁊ peche. E

2053 2306 2134 185 pourtant qͥl na point desperance dess

2061 2457 2115 186 uie eternelle/ il pẽse en soymesme:I

2061 2609 2111 204 uueil user de ceste uie entant qͥl mes

2057 2776 2119 200 permyz. Et ce faict il/ pourtãt quil ne

2061 2927 2141 208 scait que cest de nostre foy/ ⁊ q̃lle est

2061 3094 2130 197 nostre esperance/ ⁊ cõment nous som

2057 3245 2126 208 mes enfans de Dieu. Affin dõc qu

2057 3397 2100 212 nul ne saddõne a peche par desespos

2065 3571 2099 189 iay en bref cõprins en ce present liurs

2056 3737 2097 188 comẽt noꝰ sommes iustifiez sans ne

2065 3885 2061 193 merites. Car quand aucun a bien fay

2069 4044 2050 197 de tout son pouuoir (comme iay dis

2057 4184 2077 205 alors dira il encore quil est un sess

2053 4355 2085 189 teur inutile. Et lhumble coeur par/

2027 4510 2126 189 quel il recõgnoit son imperfectiõ/ fai

2057 4673 2103 201 que ses pechez/ sa negligence/ ⁊ lafra/

2057 4824 2081 247 gilite de sa chair luy sont de Dieu pa¬

3785 5002 341 178 donnc

1642 3715 403 261 Luc.17.
