4267 6400
1690 544 278 282 19c

2458 560 1184 266 La uie dun citoyen.

1936 736 2117 272 S. Paul dit. Uous estes tous un en

1945 928 2126 234 Christ. Et pourtant ne contẽnera nul

1948 1080 2141 232 le paoure/ ⁊ ne luy reprochera point sa

1955 1244 2130 213 paourete/ mais le subuiendra de ses

1952 1397 2122 210 biens/ ⁊ le cõfortera souuẽt en sa pao¬

1948 1546 2130 221 urete. Si ton prochain/ ou frere Chre¬

1952 1703 2122 213 stien est malade/ ⁊ paoure/ tu iras sou

1948 1856 2123 213 uentesfoys aupres de luy/ ⁊ le confor¬

1941 2005 2130 217 teras/ en luy distribuãt felon ton pou¬

1945 2168 2112 200 uoir de tes biens/ ⁊ ainsi le secourant.

1948 2318 2084 185 Et tu seras prest de seruir/ et de mou¬

1941 2449 2098 210 rir auec luy/ sil est besoing/ comme dit

1941 2734 2105 231 la charite de Dieu/ pourtant qͥl a mis

1925 2592 2107 224 S. Iehan Par ce congnoissons nous

1946 2890 2102 214 son ame/ et sa uie pour nous/ ⁊ il noꝰ

1952 3050 2101 221 fault mettre noz ames pour noz fre¬

1937 3203 2095 217 res/ et si tu nas rien pour luy donner/

1934 3352 2098 203 tu le bailleras a congnoistre a gens de

1927 3505 2105 214 bien/ et les en horteras de secourir ceste

1923 3658 2095 217 paoure ꝑsonne. Car on estoit au tẽps

1930 3800 2077 210 iadiz tout acoustume de le bailler a cõ

1927 3950 2076 227 gnoistre au pasteur de leglise/ lequel

1934 4099 2041 213 secouroit les paoures de dieu du tresor

1923 4248 2048 232 de leglise. Cestuy tresor estoit assem¬

1920 4401 2051 221 ble des offrandes/ ⁊ des testamẽs. Et

1916 4551 2048 259 cestuy est le tresor de leglise duq̃l tresor

3760 4746 192 214 est

1498 752 390 272 Gal.3.

1498 2581 384 251 1.Ieh.3.
