4267 6371
1682 573 219 191 20

2655 555 882 227 Du baptesme.

1958 736 2092 237 mesmes: ⁊ pourtant a il este nay pour

1950 886 2077 250 nous/ cõe dit Isaye. Un enfant nous

1954 1044 2079 219 est nay. Car nous estions tous egale¬

1954 1199 2086 223 ment debteurs ⁊ obligez a Dieu/ par

1954 1337 2075 234 le peche dAdam. Quand donc noꝰ

1951 1500 2078 223 ne scauions ayder nous mesmes/ par

1958 1652 2064 223 ce que estiõs serfz ⁊ subiectz au diable/

1951 1805 2078 216 Dieu nous a dõne deux dons notoi¬

1954 1953 2065 223 res/ ⁊ a faict deux choses poͬ lamour

1951 2102 2068 226 de nous. Premierement/ il nous a de¬

1947 2244 2054 240 liure ⁊ affranchy du diable/ ⁊ de noz

1944 2413 2060 216 pechez. Secondement/ il nous a faict

1947 2544 2068 234 ses enfans ⁊ heritiers de sa gloire/ ⁊ ce

1940 2700 2061 227 tout sans nostre merite. Cõme deuant

1928 2840 2067 255 auoit prophetise/ ⁊ dit le ꝓphete Esa.

1936 2994 2072 233 Liniquite de Ierusalem (cestadire de

1929 3150 2075 240 lhõme uoyant par Foy/ paix en Ie¬

1940 3295 2054 223 sus Christ) luy est pardõnee/ ⁊ a receu

1929 3447 2054 226 de la main du Seigneur Dieu deux

1926 3596 2054 233 choses/ poͬ tous ses pechez. Et le pro¬

1912 3758 2052 218 phete Zacharie. Annonceãt aussi/ au¬

1919 3900 2018 223 iourdhuy ie te rendray deux choses.

1912 4038 2032 244 Ausquelz passaiges ces deux prophe¬

1908 4215 2036 223 tes dient/ que pour noz pechez/ pour

1901 4342 2011 238 lesquelz auons merite la damnation,

1898 4498 2032 319 nous auõs receu de Dieu, deux dõs.

3732 4693 202 209 Et

1509 870 393 202 Esa.9.

1482 2739 452 281 Esa.60.

1461 3679 430 276 zacha.9.
