4267 6154
2400 558 241 283 67

929 629 790 194 Chapitre .ui.

386 779 2041 202 seurs oeuures. Car si aucun pouoit

396 936 2041 185 estre sauue par ses oeuures/ Abrahã/ ⁊

400 1080 2034 191 Dauid feussent biẽ paruenuz au ciel

406 1220 2014 202 deuãt la natiuite ð Iesu Christ. Mais

413 1374 1990 188 Dieu ne la point uoulu/ affin q̃ sceus

410 1517 2007 185 siõs q̃ tout nostre salut gist en la mort

403 1675 2021 178 de Iesu Christ/ laq̃lle ꝑ sa misericor¬

389 1815 2035 181 de il a souffert pour nous. Et nest au

379 1959 2021 184 tre chemin pour paruenir a la uie eter

382 2106 2035 188 nelle/ fors ꝑ Iesu Christ crucifie pour

386 2253 2031 177 nous. Et pourtãt nous attendans et

396 2393 2014 191 mettans toute nostre esperãce en dieu

417 2536 2000 161 seul, uous prendrons tout nostre refu

413 2673 2000 185 ge seulem̃t a Dieu/ difãt et ĩuocãt sa

403 2824 2000 181 grande misericorde en ceste maniere.

540 2960 1884 195 O cher sergñr Dieu tout puissãt.

410 3118 2017 181 Moy paoure pecheur confesse deuant

410 3258 1990 195 ta diuine puissance/ q̃ par mes pechez

413 3401 1987 195 iay desserui leternelle mort infernale,

410 3538 1990 210 par ta grãde iustice. Mais toutesfoys

420 3702 1997 185 ie prens esperance/ ⁊ confort en ta de¬

413 3839 2021 195 bonnaire promesse/ en laquelle tu dis

417 3986 2003 191 en Leuangile. Qui croit au filz de

420 4123 2007 205 Dieu/ il a uie eternelle. Poͬ ceste cau

413 4277 1997 198 se moy paoure pecheur uiẽs uers toy,

410 4420 2000 231 cher Seigneur Iesu Christ, qui es la

1665 4581 752 208 E 2 seule

2415 3543 380 251 Iehã.3.

2430 4415 426 267 Esa 44.
