4267 6154
2379 588 236 215 129

988 560 851 202 Chapitre .xu.

341 735 2076 198 estainctz tous les pechez. Car nul ne

352 888 2048 182 peut faire plus grande penitẽce que de

352 1039 2044 171 mourir uolũtairement pour lamour

359 1189 2037 185 de Dieu. Pourtãt ne seras tu poĩt

355 1333 2041 188 triste pour la mort, mais tu laisseras

341 1497 2055 174 uoluntiers ⁊ dun coeur ioyeux toꝰ tes

348 1617 2041 201 biẽs/ toꝰ tes amys poͬ obeyr a Dieu.

338 1764 2031 201 Et ceux qui meurẽt dun tel couraige,

328 1911 2037 195 et en une telle fiance en Dieu, cest un

328 2058 2048 201 trescertain signe quilz seront sauuez.

331 2205 2062 201 Et affin que nul ne fust espouante de

338 2352 2031 205 la mort. Iesus Christ est mort p̃mier,

343 2487 2031 189 et a oste sa uertu a la mort. Et nul ne

359 2632 2037 202 doibt auoir horreur de la mort sil a ce¬

362 2789 2034 192 ste foy: car elle nest maintenant autre

359 2929 2027 199 chose que un huys, ⁊ entree par ou on

359 3073 2027 192 ua de ceste uie tẽporelle en la uie eter

362 3213 2017 209 nelle. Car Iesꝰ Christ dit ꝑ la bouche

364 3353 2005 226 du ꝓphete Ozee. O mort ie seray ta

369 3497 2000 221 mort. Et S. Paul dit Mort ou est ta

372 3651 2004 215 uictoire? Pourtant est fort a plain

362 3801 2027 212 dre la folle coustume et maniere de

365 3941 2024 226 plourer/ ⁊ plaindre les trespassez ⁊ de

365 4106 2035 198 porter dueil, comme si nous nauions

365 4253 2028 198 point desperance ou credence de lautre

372 4396 2028 246 uie. Laisse gemir et braire les payens

1904 4588 479 181 I qui

2369 3374 446 226 Ozee.13

2369 3553 451 247 1.Cor.1◊.
