4267 6154
2376 601 229 281 199.

906 601 953 212 Chapitre .xuiii.

348 779 2017 198 toyeux tout ce que Dieu enuoye/ ces

352 929 2003 202 choses icy ne peut nul faire, fors celuy

355 1076 1993 178 qui est du tout adõne a dieu. Et ceux

372 1223 1973 199 qͥ sont telz, sont seulz urays religieux

352 1364 2007 198 deuant Dieu: car telz accomplissent

352 1507 2003 209 seulz la reigle. Car ilz lobseruẽt ⁊ gar

341 1658 2007 205 dent ioyeusement, ⁊ de uolunte libe¬

338 1805 1993 201 ralle ⁊ bõne: mais autremẽt quãd on

335 1941 2000 219 faict tout ꝑ ꝯtraĩcte ⁊ ãgoisse, cest un

297 2099 2045 208 petit ꝯfort. Et poͬce qͥl y a mainte¬

300 2242 2031 202 nãt si peu de religieux ou religieuses

300 2379 2048 219 ayãs le uray sentem̃t de lesprit/ ce ne se

331 2523 2028 212 faict pour autre chose nulle fors pour

321 2676 2014 202 ce que iay dict dessus, assauoir pour¬

311 2813 2020 212 tãt quilz ny entrẽt point dun courai¬

317 2967 2031 205 ge ⁊ intention reiglez selon Dieu/ et

307 3107 2031 219 quilz ne sont point instruictz cõme il

311 3258 2013 208 appartient, Pourtant quiconques

317 3398 1997 226 uouldra uiure selon linstitution de

317 3541 1997 226 Louangile, qͥ se mette hors, tant loing

317 3692 1994 208 qͥ pourra de telle farino: car si elle eust

300 3832 2001 229 este bonne, il est de bon entendre, que

287 3983 2020 222 Christ leust approuuee, ⁊ les apostres

283 4130 2014 225 neussẽt pas ainssi uescu de uie cõmu¬

280 4273 2003 243 ne, ausq̃lz rien na tant pleu q̃ union.

283 4427 1997 239 amytie/ ⁊ bõne concorde. Au cõtraire,

1795 4615 495 191 oncques
