4267 6154
2321 533 212 222 113

837 536 1183 195 Chapitre .xiii.

307 1646 277 287 L

304 707 2044 202 science, et est bien content de mourir

307 861 1304 205 quand il plaist a Dieu.

423 1008 1837 192 ¶ De quatre manieres de foy se

420 1153 1857 180 lon la saincte escripture/ ⁊ quel¬

421 1306 1347 198 le est la foy Chrestienne.

826 1456 942 177 Chapitre .xiii.

615 1569 1703 205 E present chapitre (pour ce q̃ iay

586 1750 1735 181 beaucoup parle de la foy/ ⁊ que a

297 1894 2021 188 grand peine de mille lun cõgnoist que

290 2047 2024 178 cest) traictera de combien de manieres

287 2188 2031 184 de foy est faicte mention en la saincte

287 2328 2031 184 escripture, non point cõe font mainte

280 2471 2038 182 nant les docteurs qui ont inuente plu

300 2612 2028 184 sieurs manieres de foy. Ie uueil seule

287 2762 2024 185 ment parler de quatre sortes de foy/

280 2902 2051 192 lesquelles sont plus communement

300 3053 1734 177 trouuees en lescripture saincte.

321 3193 1997 191 La premiere foy est celle/ laq̃lle tiẽ¬

304 3343 2003 188 nẽt lun a lautre les marchãtz ⁊ leaux

311 3483 2003 199 amys/ par laquelle ilz gardẽt ꝓmesse

314 3630 2021 192 et leaulte lun a lautre/ de laq̃lle parle

304 3777 2007 192 le Saige, disant: garde foy auec ton

300 3928 2014 195 amy en sa paourete: affin que en ses

304 4075 2014 195 biens tu puisses estre lye ⁊ ioyeux. Et

311 4218 2010 199 aux mesme liure. Qui reuele le secret

300 4365 2011 250 de son amy, il perd sa foy. Et aux ꝓ¬

1620 4519 701 195 H uerbes.
