4267 7452
2945 645 269 240 233

1372 652 1162 198 Chapitre .xxui.

526 827 2440 249 droit/ ou de la puissãce tẽporelle/ mais

534 1026 2423 216 au ꝯtraire soys ꝓuffitable/ ⁊ utile au

521 1213 2436 219 droit seculier/ en le seruãt/ ⁊ aydãt par

521 1386 2432 232 obeissance. Ie ueulz q̃ tu soys trop di¬

530 1564 2427 228 gne/ ⁊ trop noble poͬ auoir besoing du

526 1738 2427 228 droit seculier/ mais q̃ iceluy droit ayt

526 1916 2419 220 besoing/ ⁊ a faire de toy pour son en¬

517 2098 2432 220 tretenemẽt. Et ainsi seroit lusance de

484 2285 2457 211 la puissance seculiere/ oeuure de chari¬

480 2446 2461 224 te/ car la ꝑsonne ua par tel moyen du

476 2620 2469 224 tout au seruice de sõ ꝓchain/ ⁊ ne qͥert

484 2794 2465 211 point a deffendre sa uie/ son hõneͬ/ ou

488 2960 2445 215 ses biẽs. Mais qͥert seulement moyen

488 3125 2449 232 destre utile/ ⁊ ꝓuffitable a son ꝓchain

478 3291 2441 230 cõe escript S. Paul aux Corinthiẽs.

480 3477 2477 232 La charite ne quiert point les choses/

480 3659 2477 220 lesq̃lles sont siennes. Et ce ne feras tu

488 3833 2461 220 point sur intention de uouloir rendre

492 4011 2453 203 mal pour mal/ mais seulemẽt par cha

480 4177 2461 236 rite/ pour la cõseruation ⁊ deffence de

492 4367 2445 215 la commune cõcorde Chrestiẽne/ ⁊ au

490 4551 2422 199 prouffit de ton ꝓchain point par uen

497 4719 2415 211 geãce de toy mesme. Car touchãt a toy

476 4893 2440 215 tu demeure en leuãgile/ tu tiẽs ⁊ gou¬

472 5059 2465 240 uernes selõ la parolle de Iesu Christ/

476 5257 2440 236 tellemẽt q̃ tu ueulz uolũtiers tourner

1938 5431 970 249 P 5 lautre

2950 3235 416 323 1.cor.13.

2944 4477 472 317 Mat.5.
