4267 7085
3079 678 236 461 9

1590 692 641 221 Preface.

673 826 2346 272 donnez. Et tout ce quil a luy est dõne

673 1054 2334 221 de Dieu/ qui luy est pour iustice, cest

673 1228 2334 212 adire que Dieu le faict iuste. Car Ie¬

688 1397 2311 220 sus Christ a satisfaict pour noꝰ a son

677 1574 2318 216 pere celeste/ pour uenir secourir a nr̃e

661 1735 2342 233 infirmite. Cõme descript sainct Paul

649 1909 2334 228 es 8. p̃miers chapitres aux Romains/

641 2086 2338 220 ⁊ en la p̃miere epistre aux Corinthiẽs

645 2259 2330 224 ⁊ en sainct Iehan au second chapitre

645 2424 2319 228 de sa premiere epistre. Et de ceste ma¬

645 2597 2326 229 tiere traicte ce present liure. La der¬

665 2767 2306 232 niere partie de ce liure enseigne, com¬

677 2928 2291 240 mẽt tous estatz doibuẽt instituer leur

680 3085 2288 252 uie/ silz ueulent uiure selon Leuãgi¬

661 3259 2303 263 le. Et affin que chascun puisse scauoir

657 3436 2311 248 cõbien sa uie est separee de la doctrine

661 3601 2295 260 de Iesus Christ, ⁊ que adonc auec la

657 3782 2291 244 grace de Dieu il puisse amẽder sa uie.

803 3963 2149 252 Ie nenseigne point quon nobeisse

661 4128 2295 248 aux seigneurs/ ou q̃ toute police exte¬

645 4298 2311 236 rieure soit ostee. Semblablement ie ne

653 4447 2307 280 uueil poĩt oster le ministere de Leglise

641 4640 2307 256 mais ienseigne par q̃l moyen ilz scau¬

625 4805 2319 264 rõt cõment ilz doibuẽt uiure/ ⁊ quãd

610 4971 2342 275 ilz cõgnoistront leur ministere ⁊ office

606 5156 2346 291 quilz se disent auoir en leglise/ nestre

2086 5355 845 330 A 5 selon
