4267 6200
2374 578 235 228 251

989 564 899 207 Chapitre .xxx.

410 750 2016 190 ou empereur/ pape ou cardinal/ noble

410 905 1723 166 ou point noble/ ieune ou ancien.

541 1047 1882 175 Noꝰ lisons que le peuple d Israel a

420 1195 2009 189 souuẽtesfoys guerroye mais leͬs guer

406 1339 2006 183 res estoyent toutes figures/ cõe dit S.

408 1472 1991 191 Paul ꝑ quoy noꝰ est signifie/ q̃ nous

403 1629 2009 189 debuõs aussi batailler non point lun

396 1784 1999 169 cõtre lautre/ mais contre noꝰ mesmes

379 1918 2026 193 cestadire/ contre noz pechez/ contre or¬

365 2073 2030 179 gueil/ ire/ auarice/ luxure/ hayne ⁊ en¬

365 2214 1285 173 uie/ et ainsi des autres.

503 2362 1758 155 ¶ Cõmẽt doibuẽt uiure seruãs

486 2480 1774 191 et seruãtes/ doctrine selõ la sain¬

568 2624 1603 203 cte Euangile. Chap̃. .xxx.

668 2776 1734 193 Eruãs/ ⁊ seruãtes/ qͥ pour loyer

636 2929 1748 171 seruent leur Seigñrs ou dames/

361 3082 2027 173 doibuent estre leaux a iceux/ cõe a soy

358 3217 2037 189 mesmes/ ⁊ ferõt tousiours le prouffit

361 3372 2027 182 de leurs Seigñrs/ cõme sil touchoit a

358 3506 2013 189 eux mesmes. Et ne ferõt point leͬ ser¬

358 3664 2020 186 uice seulement pour loyer tẽporel. Car

355 3802 2005 193 tu peuz par le seruice q̃ tu faictz a ton

344 3943 2020 183 Seigñr/ aussi bien cõplaire a nr̃e Sei

341 4092 2026 196 gñr Iesu Christ/ cõe si tu nestois poĩt

341 4236 2033 200 ferf/ ⁊ cõe si tu estois priãt en leglise a

337 4391 2020 231 genoux. Pour ceste cause feras tu

403 2764 207 341 S

2126 4557 214 192 ton

2410 1451 362 269 1.cor.10.
