4267 6425
1574 656 218 229 72

2392 663 814 204 Des mariez.

1728 828 2210 232 Ie uous respons q̃ cest la une demã¬

1749 995 2185 225 de dincredulite. Cuidez uous q̃ Dieu

1746 1142 2188 239 les laisseroit en dangier. Ie uoꝰ cer¬

1742 1306 2196 228 tifie, que en tel cas, celuy ne se repute¬

1735 1459 2199 232 roit poĩt heureux qui ne les pourroit

1731 1613 2200 239 assister, ⁊ ayder, par ce que le Seigñr

1721 1774 2213 228 esmouueroit les coeurs a ce faire, par

1746 1923 2181 243 ce quil ne laisse iamais ses urays ser¬

1706 2080 2218 243 uiteurs ⁊ enfans en dãger, silz se fient

1706 2248 2207 225 en luy. Mais maintenant, quand on

1717 2395 2196 224 uoit leurs sumptueux edifices, tãt de

1710 2548 2185 229 pareures daultez, et dymages, cour¬

1710 2698 2189 232 tines de soye, chapes de damas, et

1706 2841 2182 246 plusieurs autres choses, lesquelles ne

1703 3001 2171 247 representent autre chose q̃ uanite aux

1699 3155 2160 239 coeurs uraymẽt spirituelz, on ny scait

1696 3308 2149 240 nullemẽt prẽdre plaisir, iasoit que les

1699 3458 2153 254 mondains en facẽt grãd feste, ⁊ le pri

1699 3633 2139 225 sent grãdemẽt, par ce qͥlz ne cõgnois¬

1711 3765 2127 268 sent que la chair ⁊ la lettre, laq̃lle tue.

1849 3929 1850 232 ¶ Cõmẽt lhõe, ⁊ la femmedoib¬

1717 4083 2071 229 Ant uiure ensemble, une dociu

1744 4207 2002 247 ne selon Leuãgile. Chap̃.xxii

2074 4397 1714 229 Ieu na riẽ cõmande si estroicte

1686 4431 369 289 met  daymer lun lautre, mes¬

1688 4700 2057 272 mement aussi daymer noz ennemis,

1727 4644 302 14 ᗞ

3477 4922 307 267 cõme

1278 1906 444 196 Psal.30

1228 3755 447 207 1.Cor.3.
