4267 6154
2311 567 198 246 Pz

1008 577 940 216 Chapitre .xxiii.

328 752 2024 239 car si les parens le font il ne prouffite

338 916 2007 225 rien den garder les enfans. Car les en

348 1063 1987 219 fans lapprennẽt de eux mesmes/ par

348 1217 1990 201 le mauuais exemple de leurs parens.

355 1357 1976 219 Car quand ilz le uoyent faire a leurs

359 1507 1979 212 parens ilz ne lestiment point estre pe¬

355 1654 1973 216 chez/ nõobstant quil en uienne grand

352 1812 1986 201 peche/ ⁊ que beaucop de maux en ad¬

328 1948 2010 202 uiennent. Ne laissez point courir uo¬

331 2109 2011 195 stre enfant ou il ueult/ mais sachez

331 2246 2004 198 tousiours au il est/ ⁊ qui est auec luy/

335 2389 2044 192 on en sa compagnie/ ⁊ quelle chose il

352 2526 2027 195 faict. Pensez que uostre enfant hante

348 2673 2041 198 iouuenceaux hõnestes/ ie ne dis point

352 2824 2034 188 riches ou nobles: mais de bonnes/ ⁊

352 2964 2051 201 bien instruictz de leurs parẽs. Ne lais¬

386 3111 1997 201 sez point aller uoz enfans aux nopces

372 3265 2011 184 ne aux banquetz/ car la naprent on

382 3398 2001 198 auiourdhuy rien que mal ⁊ uillaines

400 3552 1989 191 parolles. Car sil est ainsi q̃ tu ne laisse

400 3699 1989 198 point aler tõ enfant en lieu au il pour

389 3849 2007 192 roit uenir en danger de noyer ou de¬

369 3993 2031 198 stre blesse au corps: combien le doibs

389 4143 2024 188 tu plus garder daller au il puist tuer

393 4283 2014 206 ou blesser son ame? Et tu lẽuoye aux

389 4437 2035 229 nopces au tu scais bien (cõme le mon¬

1695 4574 725 226 M 4 de
