4267 6154
2451 676 221 206 171

1001 670 862 198 Chapitre .xxi.

444 813 2021 236 steres/ on ny uoit riẽ sẽblable a la pao

427 981 2029 215 urete de Iesꝰ Christ/ qͥ nauoit riẽ ou il

444 1124 2024 226 pouoit reposer son chef, mais uoz mo

444 1282 2031 201 nasteres semblent mieulx palays de

441 1432 2034 185 Roys, ou de princes. Dieu requerra le

451 1576 2007 205 sang des paoures de uoz mains,

441 1719 2027 205 par ce qͥlz meurent de fain par uostre

423 1870 2055 198 oultrage. Et il nest rien qui plante

417 2020 2048 174 lauarice es coeurs des religieux, ⁊ re¬

410 2167 2055 192 ligieuses, ⁊ qui les faict mendier fors

410 2321 2055 171 ceste superfluite, ⁊ oultrage. Car sans

420 2461 2045 181 ces choses icy, il ne seroit nul besoing

423 2601 2045 185 de mẽdier, ilz gaigneroyent honneste¬

427 2741 2041 188 ment les despẽs par le labeur de leurs

420 2888 2065 185 mains, ⁊ feroyẽt encore aumosne salu

420 3035 2058 192 taire de ce qui leͬ seroit superflus. Car

430 3186 2028 167 ilz trouueroyent de louuraige assez, ⁊

434 3326 2034 195 ilz est meschãt qui ne scait gaigner ses

444 3483 2027 171 despens. Et tout le monde prendroit

447 3627 2021 174 plaisir a les faire gaigner ⁊ a ueoir

441 3771 2030 184 leur sainctete, ⁊ paisible simplicite, et

430 3911 2035 191 conuersation, ⁊ uiuroyent urayemẽt

430 4058 2041 195 selon Dieu, ⁊ la doctrine Euangeli¬

427 4222 2041 164 que. Mais aucun pourroit dire. Que

427 4352 2041 198 feroyent ilz, si q̃lque fortune leur adue

420 4499 2041 215 noit, comme de peste ou dautre chose?

2304 4653 213 232 Ie

2494 974 367 185 Luce.9.
