4267 7123
1221 708 302 217 94

2192 664 1231 250 De Inobedience.

1496 866 2509 245 leust desseruy, elle fera derechef a dieu

1516 1072 2485 218 tout le seruice quelle pourra penser, et

1519 1238 2486 222 tout par charite, ⁊ gratitude demon¬

1527 1420 2482 210 strant seulement quelle ne ueut point

1523 1594 2470 218 estre ingrate, non pas pour gaigner/

1519 1768 2466 222 ou acquerir quelque chose de Dieu,

1516 1942 2469 222 mais pourtãt quil est son bon Pere/ ⁊

1512 2113 2462 217 q̃lle a tout receu de luy. Car noꝰ auõs

1508 2291 2481 221 ia tout ce, pourquoy nous debuõs ser

1504 2461 2474 225 uir dieu. Car il noꝰ a faict ses enfans:

1504 2639 2481 222 ⁊ ses heritiers, quand noꝰ estions en¬

965 2817 3017 234 Rom̃.5. core ses ennemys, ⁊ deuant que le con

1504 2983 2462 206 gneussions, cõme souuent noꝰ auons

1488 3157 2454 218 ia dit. Et en ce gist le merite de la foy

1484 3331 2466 214 Chrestienne, q̃ tu croyes certainement

1488 3525 2454 206 que tu es enfant de Dieu, ⁊ q̃ tu gar¬

1484 3688 2454 186 de ses commandemens, par ce scais: ⁊

1476 3850 2458 229 crois fermement qͥl ta ainsi enrichy, ⁊

1472 4028 2442 214 faict grãd, ⁊ q̃ par ceste foy tu le sers,

1468 4202 2450 194 cõme un bon enfant son pere. Car len

1456 4372 2454 218 fant ne doubte poĩt, mais croit certai¬

1456 4554 2434 214 nemẽt, que lauoir de son pere luy ad¬

1460 4724 2419 210 uiendra. Et par ce quil le croit seure¬

1464 4899 2419 209 ment, il labeure auec ce pour lentrete¬

1452 5069 2419 213 nir. Ainsi croyras tu sans riẽ doubter

1464 5251 2415 269 que tu es heritier du ciel, ⁊ pourtant

3479 5425 392 301 feras

957 2981 522 7 Rom.5.
