4267 6250
1688 562 268 205 168

2706 569 744 191 Des seurs.

1942 739 2151 212 estre selon Leuãgile. Car labourer de

1952 913 2148 187 ses mains/ ⁊ ayder lũ a lautre ꝑ char

1938 1059 2162 201 te est une uie Chrestiẽne/ Et S. Paul

1952 1222 2155 201 se glorifie en ses Epistres/ qͥl a gaigne

1959 1385 2148 187 ses despẽs ꝑ le labeͬ de ses mains. Et

1949 1531 2154 194 il noꝰ admõneste toꝰ fort de faire aĩsi.

1987 1687 2120 198 Cõe aux Thessaloniciẽs. Noꝰ nauõs

1988 1847 2112 180 (dit il) iamais mãge nostre pain pour

1967 1996 2140 215 neant/ ⁊ sans lauoir gaigne. Et en c

1952 2152 2148 191 uault mieux la uie des seurs/ q̃ celles

1942 2312 2158 184 des nonnes/ neantmoins q̃ lestat deg

1935 2454 2158 212 deux (poͬ ce qͥ sent son hypocrisie) nest

1942 2611 2151 201 pas louable/ mesmes qͥlz y entrẽt sans

1942 2756 2154 209 uocatiõ de Dieu/ toutesfoys les unes

1938 2916 2151 212 peuuẽt ualoyr mieux que les autres,

1935 3072 2154 209 Car elles sõt tousiours soigneuses en

1935 3222 2151 218 leur labeur/ cõe en filler/ tisser/ lauer/

1942 3381 2144 198 ⁊ autres occupatiõs semblables. Aĩsi

1942 3541 2147 202 debueroyẽt faire toutes ꝑsonnes. Car

1938 3690 2141 198 estre oyseux/ ⁊ beaucoup ualoir est im

1938 3847 2103 205 possible. Et cõe dit S. Hierosme/I

1938 4003 2099 208 nest riẽ pire en un bõ ꝓpos q̃ oysiue/

1938 4156 2089 201 te. Et poͬtãt ne uouloyẽt ilz en Egy¬

1938 4322 2089 184 pte recepuoir nully a moine, sil nestoit

1945 4468 2068 202 prest de uouloir gaigner ses despẽgen

1942 4611 2050 264 labourãt. Et S. Augustin tient ceux

3752 4802 261 211 pour

1497 1690 470 198 1.thes.4.

1504 1843 450 170 1.Tim̃.5

1494 1986 461 198 1.thes.2.
