4267 6154
2282 605 200 312 M7

820 574 800 272 Chapitre .ix.

222 793 2027 256 denfer/ ou par desir de paradis/ ne sõt

218 957 2031 232 autre chose q̃ umbres doeures faisans

242 1097 2011 243 hypocrites. Non point qͥl ne faille desi

232 1247 2017 233 rer paradis ⁊ destre auec Iesu Christ.

218 1394 2031 229 Car chascũ est uolũtiers auec celuy qͥl

218 1559 2031 215 ayme. Mais la fin ð noz bõnes oeures

208 1685 2041 236 ne doibt rien querir q̃ uouloir cõplai¬

201 1842 2062 205 re a Dieu/ en recõgnoissant/ que com¬

208 1993 2055 222 bien que on face/ on est tousiours grã

201 2133 2065 232 dement tenu a Dieu/ tant sen fault il

191 2287 2058 225 quil faille demãder gaiges. Car ceux

208 2444 2048 205 qͥ par crainte denfer/ ou poͬ les ioyes

218 2577 2038 223 de paradis seruẽt Dieu/ font un ser¬

225 2721 2052 229 uice contrainct/ lequel Dieu ne ueult

242 2868 2038 226 point. Et telles gẽs ne seruent point

246 3022 2034 215 dieu pourtãt quil est leur dieu et leur

253 3172 2030 219 Pere: mais pour ce qͥl est riche/ et pour

280 3319 2000 209 auoir ses biens. Ilz ne desirent point

290 3470 1993 201 dieu/ mais ses gaiges ⁊ richesses. cest

270 3613 2020 212 adire/ Ilz ne seruent q̃ pour auoir ses

276 3767 2018 202 lyesses/ ou pour euiter ses punitions.

273 3900 2014 219 Et telles gens sont cõe seruiteurs sti¬

276 4058 2028 198 pendiares ⁊ seruãs pour argent: et ne

290 4212 2000 201 sont point enfans: car ilz seruẽt pour

283 4355 2007 212 loyer qͥlz sont attẽdãs de dieu. Mais

290 4506 2024 242 les enfans de Dieu seruent leur pere

1569 4630 733 334 F 4 par
