4267 6371
1720 523 195 220 28

2609 541 776 188 du baptesme

1838 2527 324 302 Q

1855 690 2111 216 propoz et intention/ et auec quelle foy

1851 845 2122 220 tu receois le baptesme et ceste grace.

1848 991 2114 223 Il ne regarde aussi point si tu es Iuif

1844 1150 2132 205 ou Payen/ homme ou femme/ noble

1851 1298 2111 220 ou ĩgnoble/ euesque ou citoyen. Mais

1844 1447 2122 220 seulement celuy qui auec une parfai¬

1844 1603 2118 216 cte foy ⁊ fiance uiẽt a dieu: iceluy fait

1849 1741 2104 218 force a la uie eternelle et la rauit, com

1823 1907 2125 223 me promet Iesus Christ en Leuãgile.

1890 2067 2026 198 ¶ Quelle chose nous promettõs

1894 2215 1965 216 au baptesme/ et quelle profession

1851 2364 1838 202 nous faisons. Chap.iii.

2174 2513 1749 201 Uand on admoneste les mon¬

2173 2649 1737 223 dains a bien faire/ ilz diẽt/ Lais

1817 2792 2088 234 sez faire les moines et religieux qui

1813 2958 2096 227 lont promis: cõme si droictemẽt ilz ne

1823 3114 2089 202 fussent tenuz de garder la doctrine de

1805 3263 2093 216 Iesu Christ: ou cõme silz nauoiẽt rien

1802 3415 2107 216 promis. Iasoit toutesfois q̃ nul moi¬

1791 3564 2107 216 ne ne puisse plus promettre quil a

1798 3712 2146 227 promis au baptesme/ quãd nous uou

1788 3854 2096 244 lõs bien cõsiderer quelle chose cõtient

1784 4010 1909 219 le baptesme/ comme iay assez dict.

1928 4167 1940 218 Et noꝰ sommes beaucoup plꝰ te¬

1781 4328 2075 198 nuz a nostre promesse faicte au baptes

1781 4470 2050 255 me/ q̃ nest un religieux a sa ꝓfession.

3580 4664 262 209 Car

1413 1683 393 254 Mat.11.
