4267 6400
2458 672 208 282 19

1088 711 789 206 Chapitre .ii.

405 885 2116 213 nostre pere/ ⁊ Iesus Christ nostre fre¬

405 1048 2101 200 re/ ⁊ le mesme droit que a Iesꝰ Christ

416 1198 2073 188 a la gloire de son pere/ aurons nous

423 1340 2076 203 aussi: car les freres ont egal droit a

423 1489 2076 207 lauoir de leͬ pere. Et ce ne acquerrons

416 1649 2069 175 nous point par noz bonnes oeuures/

408 1795 2070 189 car noꝰ nauõs encore faict nulz biẽs/

401 1934 2070 206 quand nous sommes baptisez: mais

398 2090 2080 196 ce nous aduient entieremẽt par la gra

405 2240 2048 202 ce de Dieu/ ⁊ le moyen de nostre foy/

412 2392 2069 185 par ce que nous nous fiõs en la grace

423 2528 2051 213 de Dieu/ ⁊ que le congnoissons pour

423 2673 2048 214 nostre Seigñr ⁊ sauueur: ⁊ q̃ croyons

423 2823 2055 213 tout ce qͥl a faict ⁊ souffert pour nous.

426 2968 2052 210 Car il est mort pour nous uiuifier/ il

419 3128 2055 210 est faict petit ⁊ paoure/ pour nous fai

410 3274 2016 224 re grãdz ⁊ riches. Cõe dit saĩct Paul¬

423 3420 2037 217 Uous scauez la grace de nr̃e Seigñr

437 3555 2030 228 Iesus Christ/ lequel nonobstant quil

437 3715 2020 210 feust riche/ il a este faict paoure pour

433 3868 2034 213 uous: affin que par la paourete dice¬

405 4007 2059 238 luy uous fussiez faictz riches. Car Ie

412 4163 2052 217 sus Christ nous est entierement dõne

408 4327 2063 209 de Dieu son pere/ affin quil noꝰ feist

412 4465 2062 228 grandz/ riches/ ⁊ bienheureux par sa

408 4629 2059 227 mort: car noꝰ ne pouions ayder nous

1642 4800 818 220 B 2 mes¬

2474 3216 454 282 Corĩ.8.
