4267 6400
2560 720 197 261 5

1297 725 530 188 Preface.

508 878 2045 242 si iay faict q̃lque chose de moymesme

504 1034 2049 242 sãs la grace de Dieu/ cest hypocrisie ⁊

501 1187 2044 231 grãd peche: ⁊ par ce/ dessers ie la mort

501 1340 2044 231 eternelle. Pourquoy dõc me ueulx ie

490 1489 2041 228 fier en mes bonnes oeuures: car ie nay

472 1632 2073 238 nulles bõnes oeuures? Tout mon biẽ

462 1774 2066 231 appartient a Dieu. Ainsi se doibt hu¬

458 1927 2055 234 milier ung Chrestiẽ/ ⁊ reputer toutes

458 2083 2048 235 ses bonnes oeuures pour peche/ cõme

462 2229 2066 245 urayement elles sont. Cõme nous en

458 2357 2027 251 seigne Esaye/ disãt. Toutes noz iusti

465 2520 2013 256 ces sont cõme un drap pollu de flux

469 2663 2012 245 dusang de la femme. Et quand alors

451 2805 2027 274 la personne se deffie aĩsi delle mesme/

444 2968 2034 246 ⁊ de ses bonnes oeuures: elle espere de

437 3121 2034 249 rechef contre esperãce/ ⁊ se fie en la mi

433 3264 2031 252 sericorde de Dieu/ ⁊ croyt encore cer¬

426 3413 2059 259 tainemẽt q̃lle sera sauuee par la gra¬

430 3559 2012 266 ce de Dieu. Car Dieu a promis son

430 3704 2023 271 royaume/ a tous ceux qui se confient

423 3857 2023 267 en luy/ ⁊ Dieu est fidele/ et ueritable

416 3994 2005 272 en ses parolles/ pourtãt/ ueu q̃ Dieu

412 4167 2023 259 le nous a promis/ nous le croyõs fer¬

405 4312 2027 267 memẽt/ ⁊ auons ferme fiãce que nous

405 4465 2034 271 serons sauuez: non pas par noz desser

398 4625 2027 263 tes/ mais par les promesses de Dieu.

1760 4826 704 230 A 3 Et

2480 2368 448 240 Esa.64.

2458 4042 390 256 Ps.144.
