4267 6329
1761 611 211 264 84

2743 661 711 203 De la foy.

1920 826 2100 200 ction noꝰ faict toutes choses legieres/

1934 984 2104 190 plaisantes ⁊ facilles a porter: tellem̃t

1934 1128 2104 211 q̃ selõ la parolle de Iesu Christ en Le¬

1931 1286 2096 208 uangile/ son lien nous est faict souef:

1931 1438 1685 193 et son fardeau legier a porter.

2082 1592 1949 197 Ceste foy ⁊ charite auoyẽt les Apo

1941 1740 2083 200 stres/ cõe escript sainct Luc/ quand ilz

1934 1895 2086 193 se partirẽt de deuãt les iuges/ ⁊ se res¬

1931 2042 2082 201 iouissoyẽt poͬ autãt qͥlz estoyẽt faictz

1924 2197 2096 193 dignes ⁊ ydoines de souffrir honte et

1924 2341 2089 187 deshõneur deuãt le mõde/ poͬ lamour

1920 2485 2086 204 de Iesu Christ. Ceste charite auoit

1920 2633 2093 211 sainct Paul quand il disoit aux Ro¬

1914 2790 2094 184 mains. Qui est celuy qͥ nous separera

1917 2918 2093 225 de la charite de Dieu? Sera ce tribula

1910 3087 2086 200 tion? sera ce angoisse? sera ce famine?

1910 3238 2079 204 sera ce nudite? sera ce peril? sera ce ꝑse¬

1906 3378 2072 211 cution? sera ce glaiue? Nous sommes

1899 3551 2058 186 certains q̃ ne mort/ ne uie/ ne anges/

1885 3688 2072 197 ne principaulx/ ne uertus/ ne choses

1899 3836 2033 204 p̃sentes/ ne force/ ne haultesse/ ne pro¬

1906 3987 2009 193 fundite/ ne autre creature noꝰ pourra

1903 4131 2005 207 separer de la charite de Dieu/ laquelle

1892 4272 2005 214 est en Iesu Christ. Mais ie demande

1882 4435 2057 190 maintenãt. Dont uient ce q̃ tu scez/ q̃

1882 4593 2026 238 tu es enfant de Dieu? Par le seruice q̃

3742 4774 148 166 tu

1586 1673 310 218 Act.5.

1492 2758 422 190 Rom.8.
