4267 6461
1557 527 290 232 Ps

2305 542 1319 201 Des bonnes oeuures.

1799 1324 318 345 N

1810 703 1796 233 ce qui sera besoing a ce propos.

1928 861 1859 231 Des bonnes oeuures, par quel

1928 1039 1859 188 moyen elles sont plus aggrea¬

1928 1168 1789 231 bles a Dieu. Chapitre.xii.

2115 1338 1803 212 Ourtant que iay beaucop par¬

2117 1464 1778 248 le de la foy ⁊ fiance en Dieu,

1767 1636 2151 226 affin que les mauuais ⁊ peruers qui

1752 1798 2159 215 interpretent ⁊ prengnent toutes cho¬

1756 1949 2151 215 ses au pire, ⁊ les corrumpẽt, ne disent

1745 2099 2162 226 que ie uoꝰ apprendz ⁊ cõseille de faire

1734 2243 2166 226 nulles bõnes oeuures, ie uous uueil

1738 2401 2151 222 maintenãt enseigner q̃lle chose uous

1745 2541 2123 233 ferez. Iay toutesfoys dit q̃ foy amei

1734 2692 2098 222 ne charite, ⁊ charite bonnes oeuures,

1734 2846 2076 230 Car si la foy ne te induit a faire bõnes

1731 2986 2083 240 oeuures, tu nas point de foy, mais tu

1724 3137 2076 240 le cuide seulement auoir. Car S. Ia¬

1724 3302 2090 215 ques dit, q̃ foy sans oeuures est morte

1713 3445 2097 237 en soymesme. Il ne dit point quelle est

1713 3603 2094 226 petite, ou foible, mais il dit quelle est

1713 3750 2079 230 morte. Et ce qui est mort/ nest point.

1713 3905 2072 226 Pourtant quand tu nes point esmeu

1713 4063 2058 212 par la foy a lamour de Dieu, ⁊ par la

1709 4214 2047 211 mour de dieu a bõnes oeuures, tu nas

1709 4368 2047 212 point de foy, mais la foy est morte en

1716 4515 1997 258 toy. Car lesprit de dieu qui par sa foy

3415 4691 309 219 uient

1271 3219 388 269 Iaqu.2.
