4267 6371
1594 621 239 223 30

2476 594 908 223 Du baptesme.

1781 785 2142 209 de mort/ alors les failoit il baptiser:

1781 952 2128 198 non pourtant quilz fussent dãnez silz

1791 1111 2128 191 mouroyẽt sans baptesme, car toꝰ les

1791 1270 2136 184 p̃destinez sanslauemẽt exterieur sont

1809 1408 2110 195 sauuez, il ne le fault neãtmoĩs mespri

1791 1564 2118 191 ser si le pouons faire: car par ce nous

1774 1725 1419 186 testifions de nostre foy.

1854 1852 2056 207 Maintenant/ iasoit que ne lauons

1777 2024 2132 181 point mesme promis/ nous sommes

1777 2166 2128 194 toutesfois egalement tous tenuz de

1774 2307 2135 216 lobseruer. Car si tu feusse alle de uie a

1774 2470 2110 198 trespas quand tu nauois quun an

1777 2601 2121 216 deage tu eussez aussi este sauue? Tu

1774 2767 2103 199 dictz/ que ouy/ par la foy de mes par¬

1777 2912 2104 192 rains/ ⁊ marraines/ ⁊ de saincte egli¬

1774 3065 2117 205 ge. Ie dictz de rechef. Confesse tu q̃ la

1791 3213 2093 209 foy de tes parrains est si puissante/ q̃

1770 3362 2114 188 par icelle tu eusse peu estre sauue? la

1766 3511 2111 212 mesme foy est pareillement puissante

1763 3670 2093 198 a toy a subiectir/ et lyer a ce quilz ont

1770 3819 2068 191 ꝓmis pour toy/ sur paine de ta dãna¬

1766 3967 2076 191 tion/ ⁊ perte de ton salut. Pourtant te

1781 4126 2050 195 faut il aussi bien tenir ce que tes par¬

1763 4272 2061 198 rains ont promis pour toy/ comme si

1763 4410 1530 198 lauois toy mesme promis.

1759 4562 2051 237 Mais les parrains ⁊ marraines sõt

3480 4749 316 216 tenuz
