4267 6154
2292 625 241 236 157

936 591 947 215 Chapitre .xuiii.

365 772 2018 188 se mocque fort de telles oeuures ex¬

362 926 2031 174 terieures/ ou il parle en la personne

372 1070 2011 198 de Dieu/ en ceste maniere. Ne me of¬

372 1220 1990 192 fre plus sacrifice. Encens mest abo¬

376 1360 1989 209 minatiõ. Ie ne souffriray plus les fe¬

376 1507 1976 195 stes de nouuelle lune, ne du sabbat,

365 1658 1990 201 ne autres festes. Mon ame a hay uoz

362 1798 2003 205 calendes, ⁊ solennitez. Et au 66. cha

345 1941 2003 223 pitre. Le ciel est mõ siege, ⁊ la terre la

341 2088 2007 212 scabelle de mes piedz? Quelle est ceste

328 2239 2027 205 maison, laquelle uous me edifierez: ⁊

345 2386 2003 205 quel est cestuy lieu de mon repoz? Ma

341 2529 2004 206 main a faict toutes ces choses icy, dit

345 2673 2007 205 le Seigneur Dieu. Mais a qui pren¬

348 2813 2014 209 dray ie regard fors au paoure, et au

338 2957 2021 212 cõtrit desprit, ⁊ au craignãt mes pa¬

328 3097 2034 212 rolles? Qui sacrifie un beuf, cõme ce¬

341 3241 2011 232 luy qui tueroit un hõe. Qui tue une

345 3391 1986 226 brebis, cõe celuy qui assommeroit un

359 3538 1969 222 chien. Qui offre oblation, cõme celuy

362 3682 1980 225 qui offriroit sang de porceau. Qui a

341 3822 2001 236 recordation dencens, cõe celuy qui be¬

328 3972 2003 229 neiroit un idole. Ilz ont esleu toutes

335 4119 2000 226 ces choses en leurs uoyes, ⁊ leur ame

317 4266 2018 229 a prins delectation. Parquoy aussi ie

314 4417 2010 246 reciteray leurs illusions ⁊ trõperies,

2225 4615 79 239 et

2361 1976 469 201 Esa.66.
