4267 6817
1642 647 227 335 14

2667 681 929 220 Du baptesme.

1909 871 2126 208 nature enfans dire: mais quãd nous

1932 1037 2107 208 estions mors/ Christ nous a derechef

1940 1192 2088 220 par sa grande charite uiuifiez. Et ce

1932 1359 1868 197 entendras tu en ceste maniere.

2011 1505 2023 227 Lescripture faict mention de deux

1940 1670 2092 204 Adam. Le premier Adam estoit le pie

1944 1833 2076 204 mier hõme. Le secõd ⁊ nouuel Adan/

1947 1992 2085 208 estoit Iesus christ. Par le peche de lan

1962 2154 2070 201 cien Adam noꝰ estiõs tous enfans du

1962 2302 2062 212 diable/ ⁊ a luy faictz ꝓpres/ ⁊ subiectz

1959 2469 2061 200 par nostre peche ⁊ corruptiõ/ laquesse

1951 2628 2065 201 nous auiõs tiree de luy. Le secõd Adq̃

1959 2779 2050 209 cestassauoir Iesus Christ/ nous a de¬

1966 2950 2035 200 rechef rachete ⁊ mis en liberte/ ⁊ nous

1959 3105 2050 201 a faict dẽfans de mort/ enfans de uie

1959 3260 2061 212 eternelle: et denfans dire/ enfans de

1974 3419 2050 205 grace. Car Iesus Christ par sa moit a

1971 3584 2051 182 uaincu le diable ⁊ la mort: ⁊ leͬ a osse

1974 3745 2035 201 tout le droit quilz auoyent sur nous.

2129 3897 1876 212 Quãd donc nous sommes bapsi¬

1989 4063 1989 190 sez/ nous sommes faictz participans

1989 4218 1978 197 de ceste grace/ ⁊ aĩsi noꝰ uiẽt a prouf/

1989 4366 2031 212 fit que Christ est mort poͬ nous. Cur

1997 4525 2016 205 (cõe iay maintenant dit) lebaptesme

1993 4684 2027 201 a sa uertu de la mort de Iesus christ.

1994 4851 2034 261 Qaand donc nous sommes baptisez/

3747 5010 285 167 nous

1505 1482 455 250 1.Co.15.

1494 3505 466 306 2.Cor.3.
