4267 6461
1623 689 312 215 100

2198 692 1530 205 De deux sortes de gens.

1871 861 2151 223 grans erreurs qui soit en la Chrestien

1871 1012 2148 226 te. Car si lhõme se pouoit sauuer ꝑ ses

1867 1162 2141 223 bõnes oeures, Iesꝰ Christ seroit mort

1880 1329 2123 216 en uain/ comme dit S. Paul. Sainct

1882 1478 2126 216 Iehan Baptiste/ Abraham/ Isaac/ et

1864 1636 2140 205 Iacob/ auec plusieurs autres patriar

1860 1787 2137 208 ches ont uescu beaucop plus saincte¬

1849 1934 2145 234 ment q̃ ne uiurõs iamais. Ilz ne po¬

1849 2099 2134 209 uoyent toutesfoys par leurs bonnes

1846 2246 2133 209 oeures ꝑuenir au ciel. Il estoit besoĩg

1853 2385 2117 237 q̃ Iesus Christ uint p̃mier/ ⁊ qͥl souf¬

1856 2552 2109 219 frist la mort pour eux/ ⁊ la passion de

1867 2695 2091 219 Iesu Christ les a sauuez/ non point

1846 2846 2090 222 leurs oeures/ mais la foy ⁊ fiance qͥlz

1842 2997 2080 222 auoyẽt en Dieu/ ꝑ laq̃lle ilz croioyent

1853 3147 2065 212 q̃ Iesꝰ Christ uiendroit ⁊ les deliure¬

1835 3309 2087 208 roit. Mais ie ne dis point ces parol

1831 3463 2087 205 les pourtãt q̃ les bõnes oeures faictes

1828 3610 2097 209 en soy soyẽt mauuaises. Mesmemẽt ie

1831 3750 2084 219 uouldroye que tout le mõde fust soi¬

1824 3905 2062 222 gneux de faire plusieͬs bõnes oeures,

1813 4063 2076 219 principallement oeures de charite/ et

1817 4210 2072 226 misericorde uers son ꝓchain/ en le se¬

1810 4368 2047 212 courant en toutes ses necessitez/ seule¬

1810 4522 2065 208 ment pour lamour ⁊ pour lhõneur de

1817 4666 2018 240 Dieu sans y querir autre chose/ ⁊ que

3541 4849 280 230 ainsi

1411 1259 458 313 Gala.2.
