4267 6154
2266 564 282 292 179

926 588 944 225 Chapitre .xxiii.

287 2559 307 297 N

300 762 2045 215 conionct par mariage auec le paoure

314 926 2028 202 ⁊ ayment bien lun lautre par telle sor

304 1076 2034 188 te/ cõme est dit dessus/ tellement que

307 1220 2028 195 lhõe demeure tousioͬs le chief/ ⁊ qͥl ne

304 1370 2024 192 cõtẽne point la fẽme/ cest une uie chre

304 1535 2014 174 stiẽne/ soyent riches ou paoures noble

304 1664 2020 195 ou innoble. Car en ceste besoigne faut

294 1812 2010 191 il tousiours plꝰ cõsiderer la uolũte de

294 1965 2013 185 dieu/ qͥl ne faict paourete ou richesses.

384 2102 1811 195 ¶ Cõent les parẽs doibuẽt ensei

389 2256 1780 174 gner ⁊ gouuerner leurs enfans

396 2400 1792 184 selon lEuãgile. Chap. .xxiii.

612 2547 1702 177 Ulle chose en toute la chrestien¬

630 2682 1683 174 te est tant necessaire/ cõme de en

273 2830 2051 192 doctriner ⁊ regir cõme il appartiẽt les

276 2974 2045 195 enfans. Car par faute du gouuerne¬

273 3124 2041 192 ment diceux uiennent tous maux au

283 3265 2021 194 monde. Ct cest souuentesfois la coul¬

300 3422 2018 184 pe des parens que les enfans ne ual¬

300 3582 2007 178 lent rien par ce qͥlz ne se gardent point

300 3723 2011 174 de leur donner mauuais exemple/ le¬

300 3856 2001 202 quel est un grief ⁊ dangereux peche:

300 4017 2004 184 car cela est cause de toꝰ les pechez qui

304 4157 2000 184 se font au monde. Pourtant il appar

300 4307 2011 188 tient que les parens soyent fort soi¬

307 4454 2004 246 gneux de bien ⁊ chrestiennemẽt regir

1497 4601 817 246 M 2 leur
