4267 6154
2430 502 334 318 449

1022 574 807 208 Chapitre .iiii.

379 724 2069 236 les Apostres alloient ioyeux/ pourtãt

389 885 2045 229 quilz ont este reputez dignes/ de souf¬

393 1029 2041 235 frir deshõneur deuãt le mõde poͬ la¬

396 1182 2045 206 mour de Dieu. Et Dieu na ꝓmis au

396 1326 2055 209 tre chose a ses disciples q̃ peine, ⁊ tribu

389 1470 2055 215 lation en ce mõde. Cõme il dit en saĩct

374 1594 2067 257 Iehã. Le mõde sera ioyeux/ ⁊ uous se

400 1781 1996 201 rez tristes. Item. Au mõde aurez uoꝰ

389 1917 2028 216 oppression/ ⁊ trauail/ mais ayes bon

362 2075 2007 208 couraige/ car iay uaincu le monde.

507 2205 1913 205 Et il nest nul plus certain signe q̃

403 2359 2038 205 la personne sera dãnee/ q̃ quand elle

420 2516 2021 181 maine icy une mauuaise uie, ⁊ a tou¬

427 2646 2014 201 tesfois ꝓsperite. Car ceste ꝓsperite se¬

423 2789 2042 205 ra sõ paradis. A lopposite/ il nest nul

420 2938 2051 210 plus certain signe de salut eternel/ que

430 3090 2035 198 quand la personne uit iustement/ ⁊ a

441 3241 2007 188 toute aduersite. Car cela enuoye cy

444 3381 2010 198 Dieu/ pour noz pechez/ ⁊ nostre pur¬

451 3531 2010 195 gatoire/ ou aussi pour manifester sa

458 3675 2010 178 gloire/ en nostre patiẽce. Et pourtant

458 3825 2003 192 se resioyra tousiours plus le Chrestiẽ,

447 3972 2007 192 quand il souffre ennuy/ ⁊ tribulation,

451 4123 2017 188 que quand tout luy uient a souhayt.

447 4270 2021 184 Car prosperite en une mauuaise uie,

471 4413 2004 226 signifie cõmunem̃t q̃ Dieu a reprou¬

1902 4564 605 225 D ue

2451 1594 415 252 Ioh.16.
