4267 6461
1612 739 205 230 b2

2449 717 754 187 De grace.

1838 875 2166 216 de Iesu Christ et sa iustice ne fussent

1838 1040 2166 209 assez uertueuses, pour abolir et oster

1853 1198 1947 191 tous les pechez de tout le monde.

1849 1353 2148 186 Maintenãt aucun pourroit demã¬

1838 1496 2159 205 der, Pourquoy noꝰ ueult Dieu ainsi

1831 1658 2159 194 iustifier et sauuer de soymesme? Dieu

1838 1809 2141 201 faict ce/ affin quil nous face apparoi¬

1835 1967 2148 201 stre plus clairemẽt ⁊ plus manifeste¬

1824 2121 2155 187 mẽt sa bõte et misericorde. Cõe escript

1815 2266 2155 194 sainct Paul aux Ephesiẽs: Dieu qui

1828 2444 2140 176 est riche en misericorde/ pour sa tres¬

1821 2577 2151 197 grãde charite, par laq̃lle il nous a ay¬

1817 2731 2151 176 me/ ⁊ quãd nous estiõs mortz a peche

1810 2875 2151 201 il nous a ensamble uiuifiez en Christ/

1810 3022 2126 194 par la grace duquel uoꝰ estes sauuez,

1803 3183 2147 194 ⁊ noꝰ a ensamble resuscitez/ ⁊ faict mõ

1803 3334 2144 190 ter es choses celestielles ꝑ Iesu Christ

1810 3485 2126 201 affin qͥl mõstrast es siecles a uenir les

1810 3639 2119 201 abondãtes richesses de sa grace ⁊ bon

1810 3794 2105 197 te dessus nous en Iesu Christ. Uoys

1813 3948 2094 197 tu par ces parolles la cause pourquoy

1813 4091 2080 205 dieu le ueult faire seul? Car si dieu

1810 4239 2076 204 noꝰ iustifioit/ ⁊ donnoit salut a cause

1810 4400 2069 198 de noz oeuures/ il ne le feroit point ꝑ

1813 4547 2073 198 sa bonte, mais noz oeures le auroyent

1799 4705 2080 302 merite: ⁊ ainsi naurions nous q̃ faie

3674 4867 232 177 de

1363 2218 468 226 Ephe.2.
