918 1481
107 97 624 53 donnant a entendre qͥl ne fault pas

107 141 623 56 estre oyseux, ⁊ que on ne doit pas re

106 185 622 59 ceuoir les dõs de Dieu en uain. Au¬

105 233 630 59 trement on ne pourra eschapper la

106 277 624 53 punition de Dieu. Et ne fault pas

106 323 625 60 entendre, quil uoulsist parler en cest

105 377 625 51 endroit de la marchandise corporel¬

103 417 629 59 le. Car pour certain, cest estat dont ie

106 470 621 47 parle autant que en la chose tempo¬

102 508 628 59 relle ⁊ ciuile est honnorable, autant

103 555 627 60 est il en la chose spirituelle, maudict

102 601 625 59 ⁊ detestable. Et pourtant S. Paul

101 645 626 54 en la uertu de Dieu, deffend a tout

100 693 624 61 hõme qui ueult estre ministre ⁊ ser¬

100 744 624 55 siteur de la chose spirituelle, qui est

100 786 625 60 ladministration de la saincte parol¬

100 831 624 57 le de Dieu ⁊ des ordõnances de Ie¬

101 877 624 67 sus Christ: qͥl ne simplicque point

98 926 623 58 aux negoces temporelles ⁊ seculie¬

98 972 623 58 res. Et toutesfoys Dieu a permis

100 1018 624 60 en sa fureur, que au lieu de bons pa¬

100 1062 622 59 steurs ⁊ ueritables ministres dicelle

102 1111 620 62 saincte Parolle, soyent en Leglise

102 1160 619 64 suruenuz. Ie ne dy pas seulement

723 887 143 59 2.Tim.2

486 1205 233 60 A 3 gros
