918 1481
155 93 628 57 gros marchans; mais furieux lar-

156 141 628 56 rons, ⁊ insatiables loups rauissans.

205 187 580 56 Ne seroit il pas iuge trompeur ⁊

155 230 632 60 larron, celuy qui uendroit la chose

159 280 629 59 qui n est pas siẽne, ou qui par subtil

159 327 628 56 moyen au lieu dor ⁊ dargent, uen-

158 370 627 58 droit estaing ou cuyure. ⁊ lacheteur

158 418 630 57 seroit il pas trompe ⁊ deceu. Ainsi

156 464 629 60 certes. long temps y a iau grand

158 512 629 49 detrimẽt des ames, des corps. ⁊ biẽs

158 557 627 57 du paoures peuple, noꝰ en est prins.

159 603 631 58 Quant au lieu de fideles seruiteurs

158 649 630 52 de Dieuz qui debuoyent conduyre ⁊

156 692 633 62 enseigner le paoure mõde a la uoye

164 740 621 60 de salut, sont entrez, non par lhuys

159 787 630 59 qui est Iesus Christ; mais par uio-

156 839 632 47 lence ont mõte par autre lieuz. faulx

161 879 626 54 imposteurs. Et comme S. Pierre

161 925 623 63 dit  faulx maistres mensongiers

160 979 628 47 introduisans sectes de perdition. re-

160 1018 629 56 nonceans le Seigneur qui les a ra-

163 1067 628 58 cheptez, blasphemantz la uoye de ue

161 1111 627 58 rite; lesquelz en auarice par feinctes

164 1162 625 54 parolles, de nous marchãs ont mar

19 736 136 71 eban is

23 878 136 71 . Pier.⁊

626 1205 159 63 chander;
