918 1481
86 74 627 65 chander, si n a le nom ou marque de

85 119 150 59 la beste.

137 164 574 60 Ilz marchandent, ilz trafsicquẽt.

86 212 628 57 ilz uendent, ilz reuendent, ilz chan-

85 259 629 59 gent, permutent ⁊ rechãgent par en-

87 303 627 62 semble a la grand sorte, grãdz cour-

85 354 627 52 ratiers, fins crocheteurs de benefi-

84 398 625 57 ces. ⁊ a ainsi faire apprennent les

85 444 625 57 unz les autres; cest leur uocation ⁊

81 492 628 52 mestier. Leur temps a marchander

81 536 630 61 est tousiours prest, toutesfoys si ont

81 587 629 57 ilz aucunes grosses foyres, selon le

81 630 625 58 temps ⁊ la saison, ⁊ tousiours aux

80 677 626 57 iours de grandes festes, tout a lop-

80 721 626 57 posite d autres marchans. Ouand

80 767 621 62 Pasq̃s, Pẽthecostes, la Toussaĩctz,

77 818 629 55 Noel ⁊ iours semblables, que eulx

79 863 622 56 mesmes ont ordonne, suruiennent,

76 908 627 58 tous marchãs cessent, fors ceulx icy.

77 956 618 57 Car il n est mestier ne marchandise.

77 1004 626 56 quand il leur plaist qu ilz ne facent

75 1049 621 59 cesser; affin que eulx toꝰ seulz puis-

74 1094 627 58 sent marchander ⁊ besongnerz ⁊ que

77 1140 622 67 un chascun, leur uienne faire hom-

714 77 145 57 Apot. i

432 1189 261 61 A mage
