918 1481
195 70 636 63 mage, pourtãt que cela sert beaucop̃

197 116 307 59 a leur gaignage.

249 161 577 61 De cecy en nostre temps nous a-

200 211 633 51 uous ueu une exemple, merueilleu

202 255 630 59 sement a propos: cest de la Croisade

200 302 635 59 tant generale, qui fut publiee quasi

201 354 632 52 par toute la terre: ⁊ Dieu scait par

201 394 634 63 quel moyen, Dieu scait par q̃lz sup-

203 444 632 54 poz, par quelz ouuriers, par quelz

202 487 627 60 croisadiez, telz ouurage fut demene.

207 538 630 51 Ilz cõtraingnoyent tous ceulx qui

203 580 632 58 leur plaisoit de obeir a leurs desirs,

203 626 635 63 ilz menassoyent tous ceux qui a leͬs

206 677 631 54 mensonges ⁊ abuz aucunemẽt con-

207 720 631 59 tredisoyẽt, on scait biẽ encore a quoy

210 767 630 56 sen tenir: Iamais on ne uit plus

208 812 632 60 grand marche. Enfer ⁊ Paradis e-

211 863 631 50 stoyent ouuers, pour y prendre met-

210 905 631 60 tre ⁊ oster, tout ce qui uenoit a plai-

213 950 629 59 sir: mais que on apportast quelque

213 998 632 54 present: car sans cela uers telz ga-

212 1044 633 58 landz iamais on ne faict riẽ. Il fail-

213 1088 633 62 loit faire festes, assemblees, proces-

221 1144 626 59 sions, totalement selon leur uouloir

698 1186 149 64 ⁊ ordon
