918 1481
51 88 629 60 ⁊ ordonnance: ⁊ si hardy dy contredi

49 136 631 58 re, ilz empoignoyẽt, ilz rauissoyent,

49 186 635 53 linge, fil, boeufz, moutons, or ⁊ ar-

50 228 634 60 gent, toutes choses estoyent de mise.

49 275 635 55 Et de galander, ⁊ de yurongner, ⁊

49 322 629 54 de iouer: ie ne ose dire de paillarder:

49 367 597 52 Car toutes choses alloyent auant.

95 412 577 52 Et pour bien dire, ces bons mar-

48 455 625 62 chans, de tous autres sont differẽtz:

48 503 631 61 car on nẽ uoit gueres quilz ne soyẽt

50 554 628 55 contens de quelque train: les unz de

48 597 627 58 draps: les autres de bestiail, aucuns

48 643 629 56 de soye ou de metaulx, les autres de

49 689 628 58 pain ou de uin. Mais ceulx icy, tout

48 736 626 58 en un coup, ont tout rauy, pour tou-

46 781 626 58 tes choses mettre en uante: cest un

46 829 628 58 monde que de leurs cas, rien ne leur

46 873 626 60 est eschappe, dequoy a leur plaisir

45 919 624 58 nayent marchãde: uoire dhommes,

46 966 626 62 de femmes, de petitz enfans, naiz ⁊

44 1020 625 51 non point encore naiz: des corps, des

44 1060 619 59 ames, ⁊ esperitz des uiuantz, des

44 1104 624 59 mortz, des biens uisibles, ⁊ inuisi-

43 1149 620 70 bles, du ciel, de la terre, ⁊ des enfers,

673 973 138 56 Latꝰ hic

670 1023 138 48 campus

664 1058 140 58 scholiis

666 1104 101 58 egens

597 1205 71 72 des
