918 1481
219 70 632 59 fut si cherement uendu comme ice-

219 118 629 57 luy;ou le baise doigt de ces mignõs.

270 165 580 55 Mais pourtant que cy dessus, a-

217 213 630 54 uons aucunement touche des osse-

216 257 632 55 mẽs. ⁊ autres fatras, de choses mor

218 303 628 59 tes ⁊ inutiles, il seroit tresprofitable

216 349 630 59 de ueoir ⁊ bien lire, un petit traicte

213 396 633 56 ingenieusement ⁊ utilement de nou

211 443 632 59 ueau compose. par le tres docte ⁊ sca-

211 488 630 61 uant personnage M. I. Caluin. De

210 534 631 59 labus des reliques, intitule aduer-

210 581 630 62 tissement tres utile, du grand profit

208 626 630 65 qui reuiendroit a la Chrestiente, s il se

207 675 628 60 faisoit inuentoire, de tous les corps

206 721 630 60 sainctz, ⁊ reliques tãt en Italie, quẽ

205 772 630 56 frãce, allemaigne, espaigne ⁊c. Dõt

201 820 436 48 le commencement est tel.

248 860 583 60 S augustin, au liure qu il a inti-

197 909 632 57 tule du labeur des moynes, se com-

197 961 633 49 plaignant daucuns porteurs de ro-

197 1000 632 60 gatons, qui desia de son tẽps excer-

196 1047 628 61 soyent foyre. uillaine ⁊ deshonneste.

192 1099 634 45 pourtãs ca ⁊ la des reliques de mar

193 1139 633 71 trs, adiouste. Doire si se sont reliq̃s

777 1189 47 78 de
