918 1481
191 78 640 66 faire: mais ceulx icy le feront bien.

197 122 635 64 Quil soit aĩsi chascun le uoit: mais

201 170 631 64 un chascun pas ne sen apperceoit,

200 215 635 68 tant ont endormy, aueugle, ⁊ abesty

203 261 634 64 le paoure monde. Probation.

255 311 583 59 Entre bons marchans, on nen a

206 352 635 68 point ueu, que iamais ayent uendu

207 399 631 66 la seulle ueue de leͬ ouurage. Mes-

208 448 632 66 me ilz disent en leur commun lan-

211 493 630 68 gaige, la ueue nen couste rien: mais

210 540 628 67 ceulx icy semblables a basteleurs,

211 592 631 59 mõmeurs, ou ioueurs de passe passe

212 633 633 59 ont biẽ aprins de le faire. Car sans

213 677 632 69 cesser, ilz scauẽt bien cheremẽt uen-

213 725 633 64 dre, ⁊ reuendre la seule ueue de leur

213 770 633 61 bagaige. Ce q̃ ie dy, est mieulx con-

217 818 630 64 gneu aux bõnes uilles, la ou si au

213 866 632 62 cun de Dieu par mort est appelle,

217 910 629 66 soubdain par ces marchans est de-

214 958 632 62 mande, si pour le corps conduire en

216 1002 634 61 terre, on ueult le beau drap, le plus

218 1052 634 62 petit, ou le moyen. Pareillement si

217 1095 635 60 on ueult la belle croix, ou la moins

216 1140 636 83 belle: ⁊ selon la sorte fault le paye-

740 1192 112 49 ment
