918 1481
187 86 632 62 sans que aucunement on y aduise-

186 130 436 61 ou que personne y pense.

238 171 584 63 N est pas ie uoꝰ demande. la mes-

191 218 635 68 seC ainsi qu ilz parlent  d un chanoi

191 267 631 62 ne plus chere que d un uicaire. d un

192 314 637 63 abbe que d un moyne,. dun euesque

193 362 634 60 que d un doyen⁊ ⁊ ainsi des autres.

193 407 638 63 Et toutesfoys, ilz disent eulx mes-

195 451 637 64 mes. q̃ la messe d un meschant, uault

196 506 636 55 autãt que dun autre, ce que biẽ nous

197 547 636 57 croyons. Parquoy ie leur demande

197 591 638 63 dune mesme marchandise, dont uiẽt

198 635 637 66 telle diuersite de pris. De responce

198 683 635 63 nont ilz point, sinon pour la diuersi

198 731 637 61 te d accoustremens, en quoy sont to-

200 775 630 54 talement semblables a une ribaul-

202 820 635 63 de. laquelle uend sa turpitude. plus

206 871 630 65 ou moins chere, selon la sorte de ses

208 915 223 58 uestementz.

256 960 582 61 En ce passage me aymeront bien

207 1007 634 63 a seront fort ayses, ces gros pail-

207 1055 634 58 lardz, quand ie les traicte si doulce-

210 1104 632 48 ment, de les comparer seulement a

213 1146 628 81 une ribaulder ⁊ q̃ en cest end; oict nẽ

768 1195 68 53 les
