918 1481
85 88 639 72 les ay pas uoulu cõparer au traistre

86 138 634 64 Iudas, ainsi q̃ faict un de leurs li-

82 186 635 64 ures nõme Stella clericorũ, la ou le

84 229 630 73 beau liure, dit en ceste maniere. Dui

84 280 630 64 missam celebrat ꝓ pecuma. uidetur mibi

84 320 635 60 dicere cum proditore iuda; qͥd uultis mihi

84 366 635 67 dare, ⁊ ego uobis eum tradan; cest adire.

84 415 633 66 Qui celebre messe pour pecune, il me

86 459 631 70 semble, qu il dit auec le traistre Iu-

84 508 632 63 das. Que me uoulez uous donner.

87 555 633 67 ⁊ ie le uous liureray. Voicy de ter-

84 599 637 68 ribles marchans, qui ainsi marchan

84 647 637 63 dent de seur Dieu ilz uẽdent Dieu

85 692 635 67 ⁊ diable, rien ne leur eschappe. ilz cõ-

82 740 635 65 iurent ilz charment le tẽps, la gres-

81 786 623 66 le. la tempeste, ilz font eaues salees,

85 830 629 70 s⁊ uignage. Brief en toutes choses.

84 879 633 68 ilz font rage,. trop plus fins que

86 925 200 58 moutarde.

135 968 582 67 N est ce pas une grand finesse de

86 1019 631 64 scauoir uẽdre une piece de marchan

86 1067 625 65 dise, a plusieurs personnes tout po᷑

88 1113 627 63 un coup, en une mesme heure, en

91 1160 624 69 un mesme instant; sans que aucun

716 203 131 50 Stella

714 248 132 58 clerico-

714 294 90 52 rum.

528 1214 184 67 I saches
