918 1481
187 88 635 68 par sa bonte, uueille bien tost detrẽ-

189 135 255 59 per ⁊ dessalcr.

244 180 576 65 Ilz sont certes si fins ⁊ tant abi-

185 227 636 66 les, que de peu ou rien scauent faire

184 273 635 65 leur cas. Entre autres choses, quasi

184 318 633 64 tous sont marchãs de cire; mais sur

182 370 630 61 la terre il n y a apoticaire, ne cirier

181 410 634 67 qui en ceste maniere en sceust ouurer.

181 461 633 57 Uiendra au temple quelque paoure

182 507 634 61 soite. nõmez la si uous uoulez de-

179 559 636 56 uotte iattacher une chandelle con-

179 597 637 62 tre un piliier. Et mon marchãt qui

177 644 637 68 la regarde, ⁊ dẽpoingner ⁊ de souf-

179 692 629 63 flerz ⁊ pour le pris la reuendra a un

176 740 634 60 autre, qau li.u mesme la remettra.

176 787 633 64 Lt mon marchant qui faict le guet-

179 833 629 61 dempoingnec ⁊ de sousflerz ⁊ a un

174 877 637 65 autie ia oail lerazqui bien tost la re-

175 926 636 62 mettraz ⁊ le marchant dempoingner

179 970 630 65 de souifler; ⁊ sans cesser tout le ioͬ

175 1019 634 65 cansi fera. Parquoy bien tost riche se

175 1068 633 60 trouuera; car coe uoꝰ uoyez tout luy

174 1111 634 68 teiournez ai gẽt ⁊ marchandise aussi.

224 1163 581 64 Peu de ure leur faict grand bien.

686 1214 123 76 soyent
