918 1481
77 98 635 56 soyent gros marchans, ou menus.

71 141 640 58 car tous communemẽt en usent, les

70 186 640 59 petitz la uendent ouuree en chãdel-

69 234 641 52 les; mais les plus gros la uendent

71 280 638 60 par loppins, attachee sur papier, ou

69 327 637 55 a la queue dun parchemin; ce que ie

70 372 636 56 dis entendent bien, a tout le moins

72 418 632 55 officiaulx. seelleurs, copistes, datai-

69 466 624 58 res, chicaneurs, secretaires de abbez,

67 512 605 60 deuesq̃s, archeuesq̃s, ⁊ carpinaulx.

117 559 586 58 Le grand galiffre. ie dis le grand

69 607 635 58 preuost de ces marchans, qui est le

67 651 637 59 plus craint ⁊ redoubte, le plus ruse

67 698 637 54 de tous, tient sa banque a toutes

80 742 621 56 gens, conuertissant le plomb en or.

67 791 637 56 Que sur la terre on ne uit tel al-

67 837 632 56 chimiste, qui soubz le plomb. par luy

67 884 633 53 sl les siens, trouuast telle ueine dor.

66 930 633 57 Ce que Panorme le bon marchant.

67 978 633 58 en ses escritz n a pas cele, quand

69 1029 632 53 par elegance ceremonie, ou pour se

66 1068 633 62 moins barbariene. il a ainsi escripti

65 1119 624 59 Dicunt aliqui quod nuntu pape nõ sum

70 1164 619 66 dequrati sed plumbati; sed die mbilomi.

546 1215 148 69 I nus

685 1118 145 53 Danor.

687 1161 148 65 puper pr̃
