918 1481
46 188 140 53 La bon-

49 229 119 48 netterie

48 271 139 49 de Soi-

49 314 115 53 Bonne.

186 93 635 62 beaux priuileges; cest ce qui met la

187 138 412 61 cherte a telz chapeaulx.

238 182 583 64 A lexemple dr ceulx cy sont sur-

193 232 627 58 uenuz des bõnctiers. a tout le moins

196 277 626 59 marchans de bõnetz. Les uendeurs

191 323 633 64 disnent fort bien, aux despendz des

190 372 635 58 acheteurs. lesq̃lz paoures acheteurs

192 420 633 60 sont silz folz ⁊ insensez, qͥlz briguent

193 465 632 52 st se combatent a grand pris a force

192 510 632 60 de crottes de Paris, qui tiẽnent aux

192 556 634 59 robbes. comme teigne. a qui aura le

196 602 629 55 premier; le secõd, le tiers, le quart ⁊t.

195 655 629 54 Ronobstant, que autant uault l un

197 696 630 53 cõme lautre. Car pour auoir . ou ne

198 742 629 60 auoir point un tel beguin, ie uou-

197 789 632 62 loys dire bõnet, on n en n est ne plus

197 839 633 55 ne moins scauant, ie m en rapporte a

197 881 632 63 messieurs de la Sorbonne. suppose

200 929 631 60 qu ilz ne oublieront point leurs liri-

202 982 629 55 pipions. cest adire leurs pelices ⁊

201 1021 228 65 chapperons.

252 1068 579 61 Maintenant ie suis en soucy d un

203 1116 629 61 cas assez nouueau qui autresfoys est

203 1161 630 73 aduenu. Et uous prie, toꝰ qui lirez

716 1214 117 67 ce pre-
