918 1481
80 74 637 56 ce present traicte, men donner solu-

80 114 637 67 tiõ, si uous la scauez. Cest dune mar

80 162 636 61 chande qui tint a Romme, le lieu du

80 207 630 69 grand marchant: car comme Plati-

77 254 634 63 na escrit, en son liure de la uie des

81 299 630 66 Põtifes. Iehan.uiii.de ce nom.cui.

81 345 633 67 põtife, estoit femme qui tint ⁊ posse

80 392 631 65 da le siege pontificial, deux ans un

81 441 635 63 moys ⁊ quatre iours, au bout duq̃l

81 486 630 65 temps (⁊ elle estant pape, au moins

84 533 632 59 que ie ne mẽte papesse) elle enfanta

85 578 630 63 un petit papillon. Ascauoir donc si

82 624 625 64 elle fut eslue uia spiritussancti, ⁊ si

86 668 623 65 sa marchandise estoit de mise, ⁊ aus-

87 719 629 63 si bonne, comme dun homme? Et

84 763 632 65 quand elle donnoit absolution, ou

85 808 631 62 quelle donnoit, ou uendoit quelque

84 857 625 62 crosse, quelque mittre, ou chapeau,

84 903 628 62 ou quelle ordonnoit aucun euesque,

85 951 630 62 prebstre, ou diacre, comment se por-

84 995 631 63 toit tout cela? Item que deuenoit le

84 1042 628 65 caractere sacerdotal, ⁊ plusieurs au-

84 1089 631 66 tres choses, dont pour cest heure ie

85 1134 630 84 me tais. Si uous scauez que dire si

717 216 135 61 platina.

717 622 115 48 questio

724 665 127 60 pregnãs

588 1189 124 76 respon
