918 1481
76 75 640 59 fructu a la grand sorte. Et les mar

76 123 641 55 chans de gringoter, puis apres de

77 169 640 56 grignoter, ⁊ de rire, ⁊ de galler tout

76 212 639 61 le soir ⁊ la uespree. Dieu scait quel¬

76 261 639 57 le menee, ⁊ comme telz marchans

77 306 632 59 fructiers fructifient le tout au prof¬

79 350 636 63 fit de table. Ie dy au ꝓffit des mar

79 398 635 59 chans: cõbien quil tourne au grand

80 449 636 52 dommage du chantre, lequel ilz ont

81 491 634 59 tãt embaboyne, que encores sen tiẽt

82 538 635 59 fort prise ⁊ honnore. Ainsi scauent

82 584 634 59 finement ces bons marchans, par

84 629 636 62 fines finesses, en affinant fructifier:

85 676 635 62 ⁊ aux despens dautruy en chantant

86 724 624 62 ⁊ iouant abilement se consoler. O

87 771 262 58 fins fructiers.

137 814 578 62 Dauantage, leur singuliere abili

84 863 631 57 te, sest bien monstree quand dun riẽ

86 909 630 56 ilz ont tous tãt fructifie ⁊ paruenu

86 955 631 60 a si grandz biens, quilz ont usurpe

87 1004 629 57 ⁊ obtenu presque toutes les riches¬

90 1050 625 53 ses de la terre: comme Royaumes,

90 1097 629 58 Duchez, Cõtez, Principaultez, Vi¬

88 1142 631 69 dãmes, Barõnies, uilles, seigneu¬

626 1194 88 63 ries,
