<?xml version="1.0" encoding="UTF-8"?>
<alto xmlns:xsi="http://www.w3.org/2001/XMLSchema-instance"
      xmlns="http://www.loc.gov/standards/alto/ns-v4#"
      xsi:schemaLocation="http://www.loc.gov/standards/alto/ns-v4# http://www.loc.gov/standards/alto/v4/alto-4-2.xsd">
  <Description>
    <MeasurementUnit>pixel</MeasurementUnit>
    <sourceImageInformation>
      <fileName>37_93ae0_default.jpg</fileName>
      <fileIdentifier>https://www.e-rara.ch/i3f/v20/4518975/full/full/0/default.jpg</fileIdentifier>
    </sourceImageInformation>
  </Description>
  
  <Tags>
    <OtherTag ID="BT1178" LABEL="MainZone" DESCRIPTION="block type MainZone"/><OtherTag ID="BT1179" LABEL="TitlePageZone" DESCRIPTION="block type TitlePageZone"/><OtherTag ID="BT1180" LABEL="MarginTextZone" DESCRIPTION="block type MarginTextZone"/><OtherTag ID="BT1181" LABEL="MarginTextZone:handwrittenAddition" DESCRIPTION="block type MarginTextZone:handwrittenAddition"/><OtherTag ID="BT1182" LABEL="QuireMarksZone" DESCRIPTION="block type QuireMarksZone"/><OtherTag ID="BT1183" LABEL="DropCapitalZone" DESCRIPTION="block type DropCapitalZone"/><OtherTag ID="BT1184" LABEL="GraphicZone" DESCRIPTION="block type GraphicZone"/><OtherTag ID="BT1185" LABEL="StampZone" DESCRIPTION="block type StampZone"/>
    <OtherTag ID="LT427" LABEL="DefaultLine" DESCRIPTION="line type DefaultLine"/><OtherTag ID="LT428" LABEL="DropCapitalLine" DESCRIPTION="line type DropCapitalLine"/><OtherTag ID="LT429" LABEL="HeadingLine" DESCRIPTION="line type HeadingLine"/>
  </Tags>
  
  <Layout>
    <Page WIDTH="918"
          HEIGHT="1481"
          PHYSICAL_IMG_NR="37"
          ID="eSc_dummypage_">
      <PrintSpace HPOS="0"
                  VPOS="0"
                  WIDTH="918"
                  HEIGHT="1481">
        
        <TextBlock HPOS="175"
                   VPOS="73"
                   WIDTH="656"
                   HEIGHT="1121"
                   ID="eSc_textblock_ab3ac3b3"
                   TAGREFS="BT1178">
          <Shape><Polygon POINTS="175 73 175 1194 831 1190 831 73"/></Shape>
          
          
          <TextLine ID="eSc_line_2448ec63"
                    TAGREFS="LT427"
                    BASELINE="189 119 585 112 825 114" 
                    HPOS="187"
                    VPOS="69"
                    WIDTH="638"
                    HEIGHT="61">
            <Shape><Polygon POINTS="817 75 805 69 793 69 780 69 768 69 756 69 749 69 746 72 690 69 682 69 669 69 657 69 647 69 637 74 621 69 620 69 610 69 601 75 507 75 485 72 484 74 471 74 459 74 447 75 434 75 422 75 410 76 397 76 386 76 385 76 373 77 360 77 348 77 336 78 323 78 311 78 298 80 286 80 274 80 261 81 249 81 237 81 224 81 212 82 200 82 187 82 189 119 189 130 235 125 294 130 300 130 301 130 311 130 378 124 402 128 408 129 410 129 411 129 412 129 412 128 413 128 417 123 491 127 518 128 520 128 521 128 526 127 538 122 824 122 825 114 824 78 817 75"/></Shape>
	    <String CONTENT="ries, rentes, heritages, maisons, ui-"
                    HPOS="187"
                    VPOS="69"
                    WIDTH="638"
                    HEIGHT="61"></String>
          </TextLine>

          
          
          <TextLine ID="eSc_line_96394d17"
                    TAGREFS="LT427"
                    BASELINE="192 164 826 155" 
                    HPOS="191"
                    VPOS="116"
                    WIDTH="635"
                    HEIGHT="62">
            <Shape><Polygon POINTS="192 164 193 178 224 171 256 178 261 178 263 178 264 178 265 178 281 170 292 177 294 177 295 177 296 177 297 177 298 177 305 172 310 177 311 177 312 177 313 178 373 178 373 177 386 176 470 167 541 175 552 175 553 175 565 174 646 165 700 165 709 172 710 172 711 172 712 172 716 172 748 165 825 170 826 155 824 123 740 116 738 116 737 116 736 116 725 123 724 124 699 124 661 124 647 116 646 116 644 116 643 116 642 116 619 123 584 116 583 116 555 117 554 117 553 117 553 118 552 118 546 125 543 125 506 118 505 118 504 118 488 124 470 119 469 119 468 119 467 119 465 119 458 125 449 119 449 118 448 118 447 118 371 118 370 118 369 118 342 127 338 129 191 129 192 164"/></Shape>
	    <String CONTENT="gnes, possessions, ⁊ tout ce que on"
                    HPOS="191"
                    VPOS="116"
                    WIDTH="635"
                    HEIGHT="62"></String>
          </TextLine>

          
          
          <TextLine ID="eSc_line_bd0af345"
                    TAGREFS="LT427"
                    BASELINE="193 213 827 201" 
                    HPOS="192"
                    VPOS="159"
                    WIDTH="635"
                    HEIGHT="66">
            <Shape><Polygon POINTS="193 213 193 223 360 218 364 219 380 225 381 225 383 225 429 218 443 224 444 224 446 224 481 215 484 215 486 215 507 223 509 223 510 223 568 213 574 213 583 213 674 219 675 219 677 219 703 211 756 218 757 218 758 218 759 218 770 209 812 217 814 217 815 217 816 217 827 208 827 201 825 165 648 159 647 159 646 159 644 159 633 167 589 160 588 160 586 160 585 160 585 161 578 167 494 162 492 162 491 162 490 162 483 169 452 162 450 162 449 162 448 162 448 164 447 164 441 171 415 164 413 164 412 164 411 164 380 172 265 166 264 166 192 176 193 213"/></Shape>
	    <String CONTENT="peult dire. Ie suis certes hõteux dy"
                    HPOS="192"
                    VPOS="159"
                    WIDTH="635"
                    HEIGHT="66"></String>
          </TextLine>

          
          
          <TextLine ID="eSc_line_f408633a"
                    TAGREFS="LT427"
                    BASELINE="193 259 832 249" 
                    HPOS="192"
                    VPOS="206"
                    WIDTH="640"
                    HEIGHT="69">
            <Shape><Polygon POINTS="825 215 758 206 757 206 756 206 754 206 754 207 745 218 699 218 684 208 683 208 682 208 680 208 679 208 644 217 619 208 617 208 616 208 615 208 576 218 520 209 518 209 517 209 500 218 464 211 463 211 399 222 354 212 353 212 352 212 308 223 274 213 273 213 271 213 270 213 248 223 219 215 218 215 217 215 216 215 192 225 193 259 195 275 223 265 233 273 234 273 235 273 237 275 239 275 269 275 269 273 270 273 271 273 271 272 282 264 328 272 331 272 332 272 333 272 334 272 353 262 371 270 373 270 374 270 375 270 390 262 400 271 401 271 402 271 404 271 408 271 453 261 492 267 494 267 495 267 516 260 574 260 590 267 591 267 593 267 594 267 602 266 654 259 677 265 680 266 682 266 683 266 684 266 689 265 705 259 712 264 715 266 716 266 717 266 719 266 720 266 730 264 752 259 830 261 832 249 831 241 825 215"/></Shape>
	    <String CONTENT="penser, ilz ont tout englouty, tout"
                    HPOS="192"
                    VPOS="206"
                    WIDTH="640"
                    HEIGHT="69"></String>
          </TextLine>

          
          
          <TextLine ID="eSc_line_3989c560"
                    TAGREFS="LT427"
                    BASELINE="192 306 831 296" 
                    HPOS="191"
                    VPOS="251"
                    WIDTH="640"
                    HEIGHT="67">
            <Shape><Polygon POINTS="348 257 347 257 345 257 336 265 333 266 321 265 274 259 273 259 271 259 270 259 270 260 263 266 263 267 191 267 192 306 193 318 208 312 581 312 590 312 591 312 595 312 749 303 830 308 831 296 827 254 767 259 759 255 756 251 754 251 753 251 752 251 751 251 738 255 725 260 715 256 706 253 705 253 704 253 703 253 695 256 686 260 679 256 672 254 670 254 669 254 668 254 656 257 640 261 619 257 597 255 596 255 595 255 594 255 590 259 585 262 570 259 551 255 549 255 471 256 470 256 469 256 463 261 462 262 460 261 448 256 447 256 446 256 444 256 443 256 437 262 434 265 399 265 386 264 349 257 348 257"/></Shape>
	    <String CONTENT="aualle: ilz ont desherite, Princes ⁊"
                    HPOS="191"
                    VPOS="251"
                    WIDTH="640"
                    HEIGHT="67"></String>
          </TextLine>

          
          
          <TextLine ID="eSc_line_b6cf8e76"
                    TAGREFS="LT427"
                    BASELINE="192 350 826 341" 
                    HPOS="191"
                    VPOS="299"
                    WIDTH="635"
                    HEIGHT="65">
            <Shape><Polygon POINTS="192 350 192 357 273 364 274 364 354 357 434 361 436 361 437 361 438 361 448 355 537 360 538 360 539 360 555 352 557 352 564 352 625 359 626 359 627 359 628 359 628 357 630 357 633 352 722 357 724 357 770 350 772 350 773 350 805 356 806 356 808 356 826 349 826 341 824 307 735 299 733 299 732 299 714 307 712 307 705 307 615 302 614 302 560 308 542 311 191 311 192 350"/></Shape>
	    <String CONTENT="Roys, Seigneurs, marchans, bour-"
                    HPOS="191"
                    VPOS="299"
                    WIDTH="635"
                    HEIGHT="65"></String>
          </TextLine>

          
          
          <TextLine ID="eSc_line_862984f6"
                    TAGREFS="LT427"
                    BASELINE="195 396 832 387" 
                    HPOS="193"
                    VPOS="348"
                    WIDTH="639"
                    HEIGHT="62">
            <Shape><Polygon POINTS="195 396 195 410 285 410 285 409 286 409 290 408 305 402 312 408 313 408 315 408 316 409 376 409 376 408 389 406 418 401 449 406 457 406 458 406 465 404 492 399 504 404 507 406 509 406 510 406 527 403 563 398 585 402 597 404 599 404 832 397 832 387 829 348 193 357 195 396"/></Shape>
	    <String CONTENT="geoys, ⁊ gens de tous estatz: ⁊ tout"
                    HPOS="193"
                    VPOS="348"
                    WIDTH="639"
                    HEIGHT="62"></String>
          </TextLine>

          
          
          <TextLine ID="eSc_line_f46d7b5c"
                    TAGREFS="LT427"
                    BASELINE="196 445 827 434" 
                    HPOS="195"
                    VPOS="391"
                    WIDTH="632"
                    HEIGHT="65">
            <Shape><Polygon POINTS="196 445 196 455 312 456 313 456 315 456 323 454 343 449 383 452 405 455 406 455 407 455 415 452 428 448 459 452 474 454 475 454 476 454 478 454 480 451 489 446 509 451 515 452 516 452 517 452 530 451 567 445 591 450 599 451 600 451 619 450 686 443 731 449 738 449 740 449 741 449 745 448 772 441 826 446 827 434 825 398 756 391 754 391 753 391 735 398 636 393 635 393 633 393 614 401 595 394 594 394 593 394 513 402 483 396 481 396 404 404 402 404 399 404 205 401 203 401 202 401 201 401 195 404 196 445"/></Shape>
	    <String CONTENT="sans plus, pour au cõmencemẽt en"
                    HPOS="195"
                    VPOS="391"
                    WIDTH="632"
                    HEIGHT="65"></String>
          </TextLine>

          
          
          <TextLine ID="eSc_line_08e2fbe0"
                    TAGREFS="LT427"
                    BASELINE="196 491 829 480" 
                    HPOS="195"
                    VPOS="436"
                    WIDTH="634"
                    HEIGHT="65">
            <Shape><Polygon POINTS="196 491 196 501 829 487 829 480 826 445 794 445 783 436 782 436 780 436 779 436 711 445 688 438 686 438 685 438 684 438 664 446 623 439 622 439 621 439 620 439 607 448 599 440 597 440 596 440 595 440 594 440 569 448 495 441 494 441 492 441 491 441 484 448 462 443 460 443 459 443 458 443 458 444 452 450 371 451 336 444 334 444 333 444 316 454 264 454 210 446 208 446 207 446 206 446 195 452 196 491"/></Shape>
	    <String CONTENT="hypocrisie, auoir bien faict la chate-"
                    HPOS="195"
                    VPOS="436"
                    WIDTH="634"
                    HEIGHT="65"></String>
          </TextLine>

          
          
          <TextLine ID="eSc_line_87f99cd4"
                    TAGREFS="LT427"
                    BASELINE="193 536 830 526" 
                    HPOS="192"
                    VPOS="482"
                    WIDTH="638"
                    HEIGHT="68">
            <Shape><Polygon POINTS="824 489 768 482 767 482 766 482 731 492 727 492 725 492 683 483 682 483 680 483 679 483 665 493 664 493 662 493 627 485 626 485 625 485 623 485 623 486 615 493 589 485 588 485 586 485 585 485 565 494 564 494 562 494 518 486 517 486 475 496 473 497 408 497 406 497 384 488 383 488 381 488 380 488 379 488 368 497 321 489 320 489 318 489 292 498 270 489 269 489 268 489 192 499 193 536 193 543 263 550 264 550 265 550 266 550 274 543 275 543 282 543 350 549 352 549 381 543 389 541 397 543 431 547 432 547 433 547 449 543 457 540 474 543 506 546 507 546 509 546 510 546 515 541 518 539 530 541 542 545 543 545 544 545 570 541 600 538 606 541 609 544 610 544 611 544 612 544 614 544 619 541 626 538 665 541 682 543 683 543 684 543 685 543 686 541 695 536 829 540 830 526 829 522 824 489"/></Shape>
	    <String CONTENT="mitte. Mais maintenãt ilz sont si ri"
                    HPOS="192"
                    VPOS="482"
                    WIDTH="638"
                    HEIGHT="68"></String>
          </TextLine>

          
          
          <TextLine ID="eSc_line_2b0a6cfe"
                    TAGREFS="LT427"
                    BASELINE="195 582 829 575" 
                    HPOS="193"
                    VPOS="530"
                    WIDTH="636"
                    HEIGHT="63">
            <Shape><Polygon POINTS="406 534 405 534 404 534 298 544 296 544 294 544 218 536 217 536 216 536 193 545 195 582 195 588 404 593 405 593 437 586 441 586 447 586 509 592 510 592 511 592 536 584 538 584 544 584 609 591 610 591 611 591 636 583 638 583 646 583 711 589 712 589 714 589 733 582 736 582 742 582 791 588 793 588 827 581 829 575 825 535 787 538 783 535 775 530 774 530 773 530 772 530 770 530 758 535 753 538 748 536 732 530 731 530 730 530 728 530 727 530 720 536 716 539 707 536 686 531 685 531 684 531 683 531 661 538 654 539 641 538 585 533 584 533 548 540 543 540 541 540 522 533 521 533 520 533 518 533 494 540 490 543 416 543 416 541 407 534 406 534"/></Shape>
	    <String CONTENT="ches ⁊ puissans, que a force ilz le de-"
                    HPOS="193"
                    VPOS="530"
                    WIDTH="636"
                    HEIGHT="63"></String>
          </TextLine>

          
          
          <TextLine ID="eSc_line_5bc3e5ab"
                    TAGREFS="LT427"
                    BASELINE="195 628 829 619" 
                    HPOS="193"
                    VPOS="576"
                    WIDTH="636"
                    HEIGHT="64">
            <Shape><Polygon POINTS="799 576 790 576 746 582 735 583 720 582 661 577 651 577 641 577 625 583 620 584 607 583 567 578 564 578 553 578 547 583 547 584 546 583 541 580 541 578 539 578 538 578 537 578 507 584 497 586 492 584 481 580 478 580 471 580 462 584 457 587 453 584 446 580 444 580 443 580 442 580 401 584 373 588 193 587 195 628 195 635 275 640 276 640 336 634 344 634 348 634 371 640 373 640 374 640 411 634 420 633 427 634 464 639 465 639 551 633 581 630 593 631 616 636 617 636 619 636 637 631 647 629 665 631 698 635 699 635 722 630 738 628 826 629 829 619 827 582 806 576 799 576"/></Shape>
	    <String CONTENT="tiennent: ⁊ plustost uouldroyent le"
                    HPOS="193"
                    VPOS="576"
                    WIDTH="636"
                    HEIGHT="64"></String>
          </TextLine>

          
          
          <TextLine ID="eSc_line_f0895435"
                    TAGREFS="LT427"
                    BASELINE="195 676 827 666" 
                    HPOS="193"
                    VPOS="623"
                    WIDTH="634"
                    HEIGHT="66">
            <Shape><Polygon POINTS="195 676 195 682 253 689 254 689 303 682 317 681 322 682 338 688 339 688 341 688 454 682 548 677 558 682 564 684 565 684 567 684 580 682 606 676 641 682 653 683 654 683 656 683 662 682 686 675 712 682 715 682 716 682 717 682 725 682 775 675 825 681 827 666 825 628 793 623 791 623 790 623 777 628 775 629 773 628 763 623 762 623 761 623 759 623 758 623 758 624 753 629 752 630 665 631 662 630 651 625 649 625 648 625 617 631 615 631 612 631 595 625 594 625 593 625 591 625 590 625 590 626 589 626 585 631 584 634 450 634 446 634 432 628 431 628 429 628 428 628 397 635 396 635 394 635 275 630 274 630 193 639 195 676"/></Shape>
	    <String CONTENT="ciel, la terre, la mer: ⁊ tout ce qui est"
                    HPOS="193"
                    VPOS="623"
                    WIDTH="634"
                    HEIGHT="66"></String>
          </TextLine>

          
          
          <TextLine ID="eSc_line_796ffb61"
                    TAGREFS="LT427"
                    BASELINE="195 721 826 713" 
                    HPOS="193"
                    VPOS="668"
                    WIDTH="633"
                    HEIGHT="66">
            <Shape><Polygon POINTS="405 673 404 673 402 673 375 683 371 686 342 686 341 684 322 675 321 675 320 675 318 675 282 686 281 686 279 686 216 678 214 678 213 678 193 687 195 721 195 734 402 734 402 733 438 729 464 725 481 728 507 731 509 731 609 725 648 723 680 724 806 728 808 728 809 728 826 720 826 713 822 673 801 677 788 673 769 668 768 668 767 668 766 668 764 668 756 675 749 680 726 680 721 676 715 671 715 670 714 670 712 670 682 670 680 670 679 670 678 670 668 677 662 681 616 681 610 678 600 671 599 671 597 671 596 671 542 680 539 680 538 680 512 672 511 672 510 672 441 682 429 683 427 682 406 673 405 673"/></Shape>
	    <String CONTENT="en iceulx, estre ensemble mesle ⁊ fon"
                    HPOS="193"
                    VPOS="668"
                    WIDTH="633"
                    HEIGHT="66"></String>
          </TextLine>

          
          
          <TextLine ID="eSc_line_1ad87589"
                    TAGREFS="LT427"
                    BASELINE="195 767 790 761" 
                    HPOS="193"
                    VPOS="720"
                    WIDTH="597"
                    HEIGHT="58">
            <Shape><Polygon POINTS="195 767 195 778 789 772 790 761 787 720 193 725 195 767"/></Shape>
	    <String CONTENT="du, que iamais rien leur eschappe."
                    HPOS="193"
                    VPOS="720"
                    WIDTH="597"
                    HEIGHT="58"></String>
          </TextLine>

          
          
          <TextLine ID="eSc_line_14784192"
                    TAGREFS="LT427"
                    BASELINE="193 815 825 805" 
                    HPOS="192"
                    VPOS="762"
                    WIDTH="633"
                    HEIGHT="66">
            <Shape><Polygon POINTS="822 788 821 767 736 768 733 767 719 762 717 762 716 762 688 768 686 768 685 768 667 762 662 763 657 763 644 768 642 770 622 770 510 765 509 765 438 766 437 766 436 766 427 772 425 773 407 772 349 767 348 767 347 767 345 767 338 773 334 776 192 776 193 815 193 821 270 828 271 828 273 828 274 828 274 826 280 821 311 826 312 826 402 820 429 819 450 820 507 824 509 824 530 819 539 818 825 818 825 805 824 803 822 788"/></Shape>
	    <String CONTENT="Et pourtant ilz suscitent, ilz esmou-"
                    HPOS="192"
                    VPOS="762"
                    WIDTH="633"
                    HEIGHT="66"></String>
          </TextLine>

          
          
          <TextLine ID="eSc_line_d0238cea"
                    TAGREFS="LT427"
                    BASELINE="192 860 825 851" 
                    HPOS="191"
                    VPOS="810"
                    WIDTH="634"
                    HEIGHT="62">
            <Shape><Polygon POINTS="192 860 192 872 483 863 509 865 552 868 553 868 578 863 586 862 596 863 636 867 637 867 638 867 657 861 661 861 679 861 808 865 809 865 810 865 825 857 825 851 821 812 675 817 662 814 642 810 641 810 588 815 551 819 525 817 483 813 481 813 480 813 467 818 459 820 453 818 441 814 439 814 438 814 437 814 436 814 428 819 425 821 345 821 334 820 297 815 296 815 295 815 282 821 281 823 191 823 192 860"/></Shape>
	    <String CONTENT="uent guerres, debatz, noises, turba-"
                    HPOS="191"
                    VPOS="810"
                    WIDTH="634"
                    HEIGHT="62"></String>
          </TextLine>

          
          
          <TextLine ID="eSc_line_ec6f78c4"
                    TAGREFS="LT427"
                    BASELINE="192 904 824 897" 
                    HPOS="191"
                    VPOS="855"
                    WIDTH="633"
                    HEIGHT="64">
            <Shape><Polygon POINTS="192 904 192 913 295 919 296 919 342 912 348 912 353 912 394 918 395 918 822 907 824 897 822 863 804 855 803 855 801 855 732 862 720 855 719 855 717 855 716 855 715 855 690 863 689 863 659 856 658 856 657 856 656 856 654 856 654 857 647 863 647 865 610 865 599 863 539 857 538 857 499 865 488 866 484 865 470 858 469 858 431 858 429 858 428 858 427 858 420 865 417 866 410 865 381 860 380 860 379 860 366 865 359 867 352 865 336 860 334 860 333 860 310 865 294 868 191 866 192 904"/></Shape>
	    <String CONTENT="tions, ilz bruslent, ilz tuent, ilz per-"
                    HPOS="191"
                    VPOS="855"
                    WIDTH="633"
                    HEIGHT="64"></String>
          </TextLine>

          
          
          <TextLine ID="eSc_line_a0c09e9e"
                    TAGREFS="LT427"
                    BASELINE="193 952 824 944" 
                    HPOS="192"
                    VPOS="900"
                    WIDTH="632"
                    HEIGHT="67">
            <Shape><Polygon POINTS="193 952 193 960 263 960 276 967 277 967 279 967 280 967 320 958 371 966 373 966 418 958 458 965 459 965 460 965 462 965 462 963 463 963 469 956 497 963 499 963 500 963 594 955 612 962 614 962 615 962 664 961 665 961 667 961 667 960 674 954 706 961 707 961 772 954 799 960 800 960 801 960 803 960 824 950 824 944 821 904 796 900 795 900 794 900 785 904 778 908 774 904 770 900 769 900 768 900 732 900 731 900 730 900 714 904 696 909 689 905 684 902 683 902 682 902 680 902 679 902 678 902 673 905 667 909 657 905 647 902 646 902 644 902 626 905 604 910 596 905 593 903 591 903 590 903 589 903 573 907 547 912 515 907 497 904 496 904 483 907 455 914 385 914 378 908 375 905 374 905 373 905 371 905 370 905 363 908 348 914 292 909 277 908 276 908 275 908 270 909 249 915 192 910 193 952"/></Shape>
	    <String CONTENT="secutent, ilz emprisonnẽt, ilz deschas-"
                    HPOS="192"
                    VPOS="900"
                    WIDTH="632"
                    HEIGHT="67"></String>
          </TextLine>

          
          
          <TextLine ID="eSc_line_72a90952"
                    TAGREFS="LT427"
                    BASELINE="192 999 825 991" 
                    HPOS="191"
                    VPOS="949"
                    WIDTH="634"
                    HEIGHT="64">
            <Shape><Polygon POINTS="192 999 192 1013 234 1005 338 1010 359 1010 360 1010 362 1010 363 1010 364 1009 374 1003 431 1008 452 1009 453 1009 454 1009 455 1009 458 1007 468 1002 495 1007 506 1008 507 1008 509 1008 516 1005 528 1002 533 1005 537 1008 538 1008 539 1008 541 1008 542 1008 549 1005 560 1000 635 1003 705 1005 706 1005 707 1005 716 1002 720 999 724 1000 730 1005 731 1005 732 1005 733 1005 735 1005 749 1000 757 998 822 998 825 991 824 954 810 949 809 949 808 949 806 949 805 949 798 954 794 956 790 954 779 949 778 949 777 949 732 955 716 957 706 956 679 950 678 950 602 958 593 958 591 958 576 951 575 951 574 951 509 960 506 960 505 960 479 952 478 952 476 952 475 952 459 961 450 961 308 955 307 955 240 963 198 958 197 958 196 958 195 958 195 960 191 962 192 999"/></Shape>
	    <String CONTENT="sent a leur pouoir, tous ceulx qui a"
                    HPOS="191"
                    VPOS="949"
                    WIDTH="634"
                    HEIGHT="64"></String>
          </TextLine>

          
          
          <TextLine ID="eSc_line_844c53e5"
                    TAGREFS="LT427"
                    BASELINE="190 1044 822 1035" 
                    HPOS="189"
                    VPOS="993"
                    WIDTH="633"
                    HEIGHT="60">
            <Shape><Polygon POINTS="190 1044 190 1051 546 1053 547 1053 548 1053 567 1047 719 1051 720 1051 822 1042 822 1035 821 1002 800 993 799 993 798 993 728 1002 652 997 651 997 649 997 648 997 638 1003 567 995 565 995 564 995 548 1004 495 997 494 997 492 997 457 1005 375 998 374 998 373 998 371 998 371 999 370 999 364 1007 294 999 292 999 291 999 290 999 290 1000 282 1007 232 1000 231 1000 189 1009 190 1044"/></Shape>
	    <String CONTENT="eulx cõtredisent. De liures, ou escri-"
                    HPOS="189"
                    VPOS="993"
                    WIDTH="633"
                    HEIGHT="60"></String>
          </TextLine>

          
          
          <TextLine ID="eSc_line_401ef989"
                    TAGREFS="LT427"
                    BASELINE="191 1089 821 1081" 
                    HPOS="190"
                    VPOS="1039"
                    WIDTH="631"
                    HEIGHT="66">
            <Shape><Polygon POINTS="191 1089 191 1097 222 1105 223 1105 224 1105 226 1105 247 1098 308 1104 310 1104 383 1095 450 1103 452 1103 453 1103 454 1103 454 1102 464 1094 548 1102 549 1102 551 1102 583 1093 727 1099 728 1099 730 1099 731 1099 743 1091 777 1098 778 1098 821 1088 821 1081 820 1045 800 1039 799 1039 798 1039 796 1039 780 1045 773 1047 761 1045 731 1040 730 1040 728 1040 727 1040 719 1046 715 1049 710 1046 698 1040 696 1040 695 1040 694 1040 680 1046 679 1046 640 1040 638 1040 637 1040 614 1047 604 1050 594 1047 569 1041 568 1041 567 1041 565 1041 544 1049 542 1049 537 1049 496 1042 495 1042 494 1042 469 1050 457 1053 405 1053 402 1050 397 1046 397 1045 396 1045 395 1045 394 1045 392 1045 373 1051 362 1053 357 1051 345 1045 344 1045 343 1045 342 1045 341 1045 332 1051 328 1053 324 1051 312 1045 311 1045 310 1045 308 1045 287 1052 276 1055 255 1052 211 1046 210 1046 208 1046 190 1051 191 1089"/></Shape>
	    <String CONTENT="tures sainctes, nõt pas besoing poͬ"
                    HPOS="190"
                    VPOS="1039"
                    WIDTH="631"
                    HEIGHT="66"></String>
          </TextLine>

          
          
          <TextLine ID="eSc_line_5111896f"
                    TAGREFS="LT427"
                    BASELINE="191 1137 821 1129" 
                    HPOS="190"
                    VPOS="1092"
                    WIDTH="631"
                    HEIGHT="57">
            <Shape><Polygon POINTS="191 1137 191 1149 821 1137 821 1129 817 1092 190 1097 191 1137"/></Shape>
	    <String CONTENT="maintenir leurs cas: mais par force"
                    HPOS="190"
                    VPOS="1092"
                    WIDTH="631"
                    HEIGHT="57"></String>
          </TextLine>

          
          
          <TextLine ID="eSc_line_592c0f17"
                    TAGREFS="LT427"
                    BASELINE="190 1184 821 1176" 
                    HPOS="190"
                    VPOS="1135"
                    WIDTH="631"
                    HEIGHT="72">
            <Shape><Polygon POINTS="190 1174 190 1184 190 1198 249 1207 250 1207 348 1205 349 1205 368 1195 370 1195 386 1195 522 1203 523 1203 525 1203 554 1193 557 1193 559 1193 579 1202 580 1202 581 1203 640 1203 640 1202 641 1202 642 1202 651 1195 656 1199 656 1200 657 1200 658 1200 659 1202 700 1202 700 1200 701 1200 703 1200 703 1199 711 1192 711 1190 820 1189 821 1176 817 1136 700 1142 688 1139 677 1135 675 1135 674 1135 673 1135 664 1139 658 1142 651 1140 641 1136 640 1136 638 1136 637 1136 622 1140 605 1145 590 1141 572 1136 570 1136 569 1136 537 1137 536 1137 534 1137 527 1142 521 1147 483 1147 476 1144 460 1137 459 1137 458 1137 406 1145 392 1147 390 1146 381 1139 380 1139 379 1139 378 1139 326 1146 289 1140 287 1140 286 1140 285 1140 273 1149 271 1150 264 1149 224 1142 223 1142 222 1142 197 1149 190 1174"/></Shape>
	    <String CONTENT="le maintiennent, ainsi que feroyent"
                    HPOS="190"
                    VPOS="1135"
                    WIDTH="631"
                    HEIGHT="72"></String>
          </TextLine>

          
        </TextBlock>
        
        <TextBlock HPOS="671"
                   VPOS="1187"
                   WIDTH="169"
                   HEIGHT="47"
                   ID="eSc_textblock_e45aaafa"
                   TAGREFS="BT1182">
          <Shape><Polygon POINTS="671 1234 671 1187 840 1187 840 1234"/></Shape>
          
          
          <TextLine ID="eSc_line_a78402a7"
                    TAGREFS="LT427"
                    BASELINE="700 1223 819 1223" 
                    HPOS="700"
                    VPOS="1181"
                    WIDTH="119"
                    HEIGHT="65">
            <Shape><Polygon POINTS="700 1223 700 1244 769 1246 770 1246 819 1235 819 1223 817 1181 700 1184 700 1223"/></Shape>
	    <String CONTENT="meur-"
                    HPOS="700"
                    VPOS="1181"
                    WIDTH="119"
                    HEIGHT="65"></String>
          </TextLine>

          
        </TextBlock>
        

        
      </PrintSpace>
    </Page>
  </Layout>
</alto>
