<?xml version="1.0" encoding="UTF-8"?>
<alto xmlns:xsi="http://www.w3.org/2001/XMLSchema-instance"
      xmlns="http://www.loc.gov/standards/alto/ns-v4#"
      xsi:schemaLocation="http://www.loc.gov/standards/alto/ns-v4# http://www.loc.gov/standards/alto/v4/alto-4-2.xsd">
  <Description>
    <MeasurementUnit>pixel</MeasurementUnit>
    <sourceImageInformation>
      <fileName>39_fdc5d_default.jpg</fileName>
      <fileIdentifier>https://www.e-rara.ch/i3f/v20/4518977/full/full/0/default.jpg</fileIdentifier>
    </sourceImageInformation>
  </Description>
  
  <Tags>
    <OtherTag ID="BT1184" LABEL="GraphicZone" DESCRIPTION="block type GraphicZone"/><OtherTag ID="BT1185" LABEL="StampZone" DESCRIPTION="block type StampZone"/><OtherTag ID="BT1178" LABEL="MainZone" DESCRIPTION="block type MainZone"/><OtherTag ID="BT1179" LABEL="TitlePageZone" DESCRIPTION="block type TitlePageZone"/><OtherTag ID="BT1180" LABEL="MarginTextZone" DESCRIPTION="block type MarginTextZone"/><OtherTag ID="BT1181" LABEL="MarginTextZone:handwrittenAddition" DESCRIPTION="block type MarginTextZone:handwrittenAddition"/><OtherTag ID="BT1182" LABEL="QuireMarksZone" DESCRIPTION="block type QuireMarksZone"/><OtherTag ID="BT1183" LABEL="DropCapitalZone" DESCRIPTION="block type DropCapitalZone"/>
    <OtherTag ID="LT427" LABEL="DefaultLine" DESCRIPTION="line type DefaultLine"/><OtherTag ID="LT428" LABEL="DropCapitalLine" DESCRIPTION="line type DropCapitalLine"/><OtherTag ID="LT429" LABEL="HeadingLine" DESCRIPTION="line type HeadingLine"/>
  </Tags>
  
  <Layout>
    <Page WIDTH="918"
          HEIGHT="1481"
          PHYSICAL_IMG_NR="39"
          ID="eSc_dummypage_">
      <PrintSpace HPOS="0"
                  VPOS="0"
                  WIDTH="918"
                  HEIGHT="1481">
        
        <TextBlock HPOS="168"
                   VPOS="77"
                   WIDTH="680"
                   HEIGHT="1191"
                   ID="eSc_textblock_5fbe13d3"
                   TAGREFS="BT1178">
          <Shape><Polygon POINTS="168 79 190 1268 848 1247 848 77"/></Shape>
          
          
          <TextLine ID="eSc_line_7f7539b8"
                    TAGREFS="LT427"
                    BASELINE="184 136 581 127 826 127" 
                    HPOS="182"
                    VPOS="83"
                    WIDTH="644"
                    HEIGHT="63">
            <Shape><Polygon POINTS="812 83 800 83 788 83 775 83 763 83 751 83 738 83 726 83 714 83 701 83 689 83 677 83 664 83 652 83 640 83 627 83 615 83 602 83 590 83 578 83 565 83 553 83 541 83 528 83 516 83 504 83 491 83 479 83 467 85 454 85 442 86 434 86 425 88 405 86 405 87 392 87 380 88 368 88 355 90 343 90 331 91 318 91 306 92 294 92 281 93 269 93 256 93 244 95 232 95 219 96 207 96 195 97 182 97 184 136 184 145 242 140 256 144 264 146 265 146 266 146 268 146 269 146 269 145 270 144 276 139 295 144 301 145 302 145 303 145 305 145 308 144 318 139 327 143 332 145 333 145 334 145 360 143 399 139 427 141 455 144 457 144 458 144 465 141 478 135 505 140 520 143 521 143 522 143 528 140 539 134 559 139 564 140 565 140 567 140 575 139 605 133 635 138 651 140 652 140 653 140 654 140 657 138 665 132 825 134 826 127 822 90 812 83"/></Shape>
	    <String CONTENT="uolunte, leur faul se marchandise a-"
                    HPOS="182"
                    VPOS="83"
                    WIDTH="644"
                    HEIGHT="63"></String>
          </TextLine>

          
          
          <TextLine ID="eSc_line_9779d588"
                    TAGREFS="LT427"
                    BASELINE="181 182 826 170" 
                    HPOS="180"
                    VPOS="128"
                    WIDTH="646"
                    HEIGHT="65">
            <Shape><Polygon POINTS="726 128 725 128 696 134 684 136 670 135 631 129 630 129 581 136 560 140 554 138 542 132 541 132 539 132 538 132 517 139 513 140 512 139 505 133 505 132 504 132 502 132 501 132 500 132 499 132 499 133 490 139 489 141 484 139 464 133 463 133 462 133 423 141 415 143 407 141 374 134 373 134 371 134 353 143 349 144 344 143 308 135 307 135 242 145 210 138 208 138 207 138 206 138 180 145 181 182 181 187 243 193 244 193 295 186 310 185 321 186 360 191 362 191 416 185 439 182 490 182 491 183 496 187 496 188 497 188 499 188 500 190 500 188 501 188 502 188 502 187 507 183 510 181 528 183 563 187 564 187 565 187 567 187 567 186 568 186 570 182 573 180 825 180 826 170 822 132 756 136 743 133 727 128 726 128"/></Shape>
	    <String CONTENT="chepter; autrement on est hereticque"
                    HPOS="180"
                    VPOS="128"
                    WIDTH="646"
                    HEIGHT="65"></String>
          </TextLine>

          
          
          <TextLine ID="eSc_line_6b9c4adc"
                    TAGREFS="LT427"
                    BASELINE="184 230 822 215" 
                    HPOS="181"
                    VPOS="174"
                    WIDTH="641"
                    HEIGHT="69">
            <Shape><Polygon POINTS="184 230 184 241 228 243 229 243 231 243 232 243 233 241 240 235 344 238 381 239 383 239 384 239 385 239 387 238 397 232 471 235 501 236 502 236 504 236 505 236 507 234 517 229 580 233 607 234 609 234 620 232 643 227 821 227 822 215 820 180 749 174 748 174 747 174 746 174 746 175 738 181 738 182 711 182 704 182 663 175 662 175 661 175 659 175 659 176 653 181 597 177 596 177 595 177 594 177 585 185 584 185 569 177 568 177 567 177 565 177 538 185 533 186 530 185 502 178 501 178 500 178 499 178 497 178 486 186 484 188 415 188 412 188 396 181 395 181 394 181 344 190 332 192 181 192 184 230"/></Shape>
	    <String CONTENT="prouue. qui n a argent, fault qu il en"
                    HPOS="181"
                    VPOS="174"
                    WIDTH="641"
                    HEIGHT="69"></String>
          </TextLine>

          
          
          <TextLine ID="eSc_line_449216ad"
                    TAGREFS="LT427"
                    BASELINE="185 275 800 262" 
                    HPOS="184"
                    VPOS="220"
                    WIDTH="616"
                    HEIGHT="60">
            <Shape><Polygon POINTS="492 224 490 224 436 233 389 227 387 227 386 227 366 236 281 236 263 229 261 229 260 229 184 239 185 275 185 280 800 271 800 262 799 228 772 220 770 220 769 220 768 220 767 220 767 222 761 227 738 220 737 220 736 220 672 229 615 222 614 222 612 222 611 222 597 230 568 223 567 223 565 223 492 223 492 224"/></Shape>
	    <String CONTENT="cercher, ⁊ ne deust il rien demourer."
                    HPOS="184"
                    VPOS="220"
                    WIDTH="616"
                    HEIGHT="60"></String>
          </TextLine>

          
          
          <TextLine ID="eSc_line_24e4af0a"
                    TAGREFS="LT427"
                    BASELINE="226 323 827 307" 
                    HPOS="223"
                    VPOS="262"
                    WIDTH="604"
                    HEIGHT="68">
            <Shape><Polygon POINTS="226 323 226 330 826 313 827 307 824 262 632 273 595 271 562 269 560 269 559 269 551 272 544 276 528 273 504 270 502 270 501 270 481 276 474 277 470 276 460 271 459 271 458 271 374 273 321 282 315 282 310 282 239 277 238 277 237 277 223 283 226 323"/></Shape>
	    <String CONTENT="Le cas est tel. Quelque paoure hõ"
                    HPOS="223"
                    VPOS="262"
                    WIDTH="604"
                    HEIGHT="68"></String>
          </TextLine>

          
          
          <TextLine ID="eSc_line_4b6873ea"
                    TAGREFS="LT427"
                    BASELINE="187 369 829 354" 
                    HPOS="186"
                    VPOS="309"
                    WIDTH="643"
                    HEIGHT="69">
            <Shape><Polygon POINTS="721 311 720 311 719 311 717 311 712 313 699 320 677 314 668 312 667 312 665 312 664 312 652 315 630 323 576 323 568 318 562 314 560 314 559 314 558 314 532 319 505 325 494 320 484 317 483 317 481 317 480 317 464 322 449 328 399 328 381 325 352 320 347 320 338 320 302 328 291 330 290 329 281 322 280 322 279 322 273 322 260 323 248 323 244 323 235 330 234 331 231 330 207 324 206 324 205 324 203 324 186 330 187 369 187 378 829 365 829 354 825 309 770 320 735 320 725 313 722 311 721 311"/></Shape>
	    <String CONTENT="me s en ua mourir, charge de femme"
                    HPOS="186"
                    VPOS="309"
                    WIDTH="643"
                    HEIGHT="69"></String>
          </TextLine>

          
          
          <TextLine ID="eSc_line_bd405da1"
                    TAGREFS="LT427"
                    BASELINE="191 417 827 401" 
                    HPOS="189"
                    VPOS="362"
                    WIDTH="638"
                    HEIGHT="66">
            <Shape><Polygon POINTS="485 362 483 362 481 362 480 362 479 362 465 371 459 371 386 365 385 365 384 365 362 373 360 373 355 373 287 367 286 367 189 377 191 417 191 422 238 428 239 428 240 428 255 420 258 420 260 420 281 427 282 427 284 427 285 427 286 427 286 425 292 420 294 419 312 420 385 424 386 424 387 424 405 418 410 417 415 418 433 423 434 423 436 423 476 417 495 414 518 415 559 419 560 419 586 414 604 412 628 414 663 417 664 417 699 412 733 408 746 412 754 414 756 414 757 414 827 409 827 401 825 362 497 362 485 362"/></Shape>
	    <String CONTENT="⁊ petitz enfantz, la chose est pitoya-"
                    HPOS="189"
                    VPOS="362"
                    WIDTH="638"
                    HEIGHT="66"></String>
          </TextLine>

          
          
          <TextLine ID="eSc_line_32b6dc65"
                    TAGREFS="LT427"
                    BASELINE="189 460 829 448" 
                    HPOS="187"
                    VPOS="408"
                    WIDTH="642"
                    HEIGHT="63">
            <Shape><Polygon POINTS="189 460 189 471 379 471 379 470 448 464 475 461 481 462 500 467 501 467 502 467 641 459 659 457 661 457 673 464 674 464 675 464 749 462 829 452 829 448 825 408 682 415 648 409 636 408 635 408 633 408 628 410 612 417 583 410 574 409 573 409 572 409 568 410 555 418 549 412 549 410 548 410 547 410 511 410 510 410 509 410 507 410 506 412 496 419 469 412 467 412 465 412 464 412 463 412 460 413 433 420 408 413 407 413 406 413 405 413 404 413 402 413 387 422 313 423 187 417 189 460"/></Shape>
	    <String CONTENT="ble qui requiert misericorde, ⁊ pour"
                    HPOS="187"
                    VPOS="408"
                    WIDTH="642"
                    HEIGHT="63"></String>
          </TextLine>

          
          
          <TextLine ID="eSc_line_55edf343"
                    TAGREFS="LT427"
                    BASELINE="191 507 827 492" 
                    HPOS="190"
                    VPOS="450"
                    WIDTH="637"
                    HEIGHT="69">
            <Shape><Polygon POINTS="191 507 191 513 242 519 243 519 244 519 271 512 274 512 279 512 321 517 322 517 353 510 362 509 376 510 434 514 436 514 465 508 475 507 494 508 555 512 557 512 630 506 665 502 669 504 673 508 674 508 675 508 677 508 827 501 827 492 825 459 788 459 777 450 775 450 774 450 773 450 772 450 770 450 759 459 715 452 714 452 674 460 665 461 648 460 562 455 560 455 506 462 485 465 458 464 402 459 401 459 371 464 347 468 312 465 284 462 282 462 281 462 280 462 277 466 273 470 260 466 254 464 253 464 252 464 190 466 191 507"/></Shape>
	    <String CONTENT="la paoure uefue consoler, on luy de-"
                    HPOS="190"
                    VPOS="450"
                    WIDTH="637"
                    HEIGHT="69"></String>
          </TextLine>

          
          
          <TextLine ID="eSc_line_a9b4fb9b"
                    TAGREFS="LT427"
                    BASELINE="191 554 822 538" 
                    HPOS="189"
                    VPOS="494"
                    WIDTH="633"
                    HEIGHT="66">
            <Shape><Polygon POINTS="191 554 191 560 625 556 637 555 675 547 682 552 682 554 683 554 684 554 685 554 686 554 688 554 711 547 821 551 822 538 819 503 789 503 788 503 774 494 773 494 772 494 770 494 769 494 746 504 743 504 741 504 712 497 711 497 710 497 709 497 707 497 698 504 696 507 637 507 633 506 612 499 611 499 610 499 568 507 557 509 553 508 539 501 538 501 537 501 536 501 534 501 526 508 522 512 426 512 423 510 417 504 416 504 415 504 383 504 381 504 380 504 354 512 348 513 343 512 328 507 327 507 326 507 324 507 312 513 306 515 298 513 286 508 285 508 284 508 189 514 191 554"/></Shape>
	    <String CONTENT="uroit certaines aulmosnes, distri-"
                    HPOS="189"
                    VPOS="494"
                    WIDTH="633"
                    HEIGHT="66"></String>
          </TextLine>

          
          
          <TextLine ID="eSc_line_63daaf88"
                    TAGREFS="LT427"
                    BASELINE="191 597 829 586" 
                    HPOS="190"
                    VPOS="543"
                    WIDTH="639"
                    HEIGHT="67">
            <Shape><Polygon POINTS="401 549 400 549 394 552 383 557 190 557 191 597 192 610 212 604 224 610 226 610 227 610 228 610 307 609 308 609 312 608 333 602 428 605 459 607 460 607 462 607 469 605 491 599 516 604 526 605 527 605 528 605 533 604 547 598 579 603 593 604 594 604 605 602 631 597 653 601 664 603 665 603 667 603 674 601 688 597 827 597 829 586 825 543 749 551 714 545 707 544 706 544 705 544 704 544 703 545 696 550 678 545 675 545 674 545 673 545 665 546 614 554 581 547 572 546 570 546 569 546 563 547 542 555 500 550 480 547 479 547 464 550 438 556 416 551 402 549 401 549"/></Shape>
	    <String CONTENT="bue. poꝰ a elle subuenir ⁊ a sa famil-"
                    HPOS="190"
                    VPOS="543"
                    WIDTH="639"
                    HEIGHT="67"></String>
          </TextLine>

          
          
          <TextLine ID="eSc_line_33a2ad68"
                    TAGREFS="LT427"
                    BASELINE="192 647 830 634" 
                    HPOS="191"
                    VPOS="589"
                    WIDTH="639"
                    HEIGHT="67">
            <Shape><Polygon POINTS="192 647 192 650 248 656 249 656 390 649 433 646 444 647 467 651 468 651 469 651 478 647 483 645 500 647 526 650 527 650 528 650 538 646 547 644 830 644 830 634 827 598 772 589 770 589 769 589 768 589 756 598 725 591 724 591 722 591 721 591 720 591 710 599 699 592 698 592 696 592 695 592 653 601 551 594 549 594 548 594 532 603 489 596 488 596 449 604 425 597 423 597 422 597 362 607 311 599 310 599 308 599 307 599 307 601 306 601 300 608 250 601 249 601 248 601 229 609 206 602 205 602 203 602 202 602 201 602 191 608 192 647"/></Shape>
	    <String CONTENT="le. Mais au lieu de biẽ y pourueoir."
                    HPOS="191"
                    VPOS="589"
                    WIDTH="639"
                    HEIGHT="67"></String>
          </TextLine>

          
          
          <TextLine ID="eSc_line_55aee97d"
                    TAGREFS="LT427"
                    BASELINE="195 694 832 678" 
                    HPOS="193"
                    VPOS="638"
                    WIDTH="639"
                    HEIGHT="63">
            <Shape><Polygon POINTS="586 640 517 647 488 650 465 649 400 645 399 645 345 652 338 654 333 654 296 647 295 647 193 657 195 694 195 701 832 687 832 678 829 638 614 646 605 644 589 640 588 640 586 640"/></Shape>
	    <String CONTENT="ces inhumains. ⁊ cruelz marchãs du"
                    HPOS="193"
                    VPOS="638"
                    WIDTH="639"
                    HEIGHT="63"></String>
          </TextLine>

          
          
          <TextLine ID="eSc_line_d0d4d406"
                    TAGREFS="LT427"
                    BASELINE="195 740 833 725" 
                    HPOS="193"
                    VPOS="682"
                    WIDTH="640"
                    HEIGHT="69">
            <Shape><Polygon POINTS="353 691 312 699 302 692 292 692 265 699 249 693 243 694 239 694 193 703 195 740 195 744 244 751 245 751 296 742 303 741 443 740 447 741 458 746 459 746 460 746 510 740 539 738 683 739 752 739 753 739 762 738 796 731 832 736 833 725 830 684 767 689 754 686 738 682 737 682 736 682 735 682 725 687 717 692 619 693 607 691 589 687 588 687 536 693 511 696 478 694 354 691 353 691"/></Shape>
	    <String CONTENT="tout la uiẽnent paracheuer; ⁊ fault"
                    HPOS="193"
                    VPOS="682"
                    WIDTH="640"
                    HEIGHT="69"></String>
          </TextLine>

          
          
          <TextLine ID="eSc_line_ac0927ea"
                    TAGREFS="LT427"
                    BASELINE="197 787 830 772" 
                    HPOS="196"
                    VPOS="730"
                    WIDTH="634"
                    HEIGHT="68">
            <Shape><Polygon POINTS="197 787 197 798 355 788 423 793 425 793 426 793 448 787 457 793 458 793 459 793 460 793 465 793 520 784 538 791 539 791 541 791 595 789 596 789 597 789 597 788 604 783 648 788 649 788 651 788 682 781 696 787 698 787 699 787 700 787 725 781 829 784 830 772 826 730 196 746 197 787"/></Shape>
	    <String CONTENT="force ou droict, qu ilz ayent ce qu ilz"
                    HPOS="196"
                    VPOS="730"
                    WIDTH="634"
                    HEIGHT="68"></String>
          </TextLine>

          
          
          <TextLine ID="eSc_line_c111f308"
                    TAGREFS="LT427"
                    BASELINE="197 833 835 819" 
                    HPOS="196"
                    VPOS="773"
                    WIDTH="639"
                    HEIGHT="71">
            <Shape><Polygon POINTS="777 775 773 775 757 783 751 786 715 784 617 777 616 778 604 778 597 778 581 787 576 789 559 787 531 783 530 783 528 783 527 783 521 788 516 792 470 792 467 789 459 782 459 781 455 782 443 782 433 782 425 791 421 793 410 791 380 783 371 783 363 792 360 794 349 792 317 784 307 784 303 784 275 793 269 796 196 796 197 833 197 844 255 835 342 835 358 840 362 841 363 841 364 841 378 840 429 833 467 837 479 839 480 839 481 839 483 839 484 837 491 831 527 836 543 837 544 837 546 837 553 835 568 831 588 835 601 836 602 836 835 828 835 819 831 782 790 783 789 782 780 775 780 773 777 775"/></Shape>
	    <String CONTENT="demãdent, pain, uin. offrãdes, chan"
                    HPOS="196"
                    VPOS="773"
                    WIDTH="639"
                    HEIGHT="71"></String>
          </TextLine>

          
          
          <TextLine ID="eSc_line_875b6e27"
                    TAGREFS="LT427"
                    BASELINE="198 879 835 863" 
                    HPOS="197"
                    VPOS="820"
                    WIDTH="638"
                    HEIGHT="69">
            <Shape><Polygon POINTS="800 820 733 829 661 823 653 824 652 824 636 833 583 833 565 825 564 825 563 825 562 825 532 834 495 826 494 826 491 826 491 828 490 828 484 835 416 829 415 829 413 829 412 829 412 830 405 836 326 831 324 831 323 831 322 831 313 840 286 840 252 833 250 833 249 833 248 833 248 834 240 840 208 834 207 834 206 834 205 834 205 835 197 841 198 879 198 889 835 875 835 863 832 828 801 820 800 820"/></Shape>
	    <String CONTENT="delles, boeuf ou uache, robbez ou ho"
                    HPOS="197"
                    VPOS="820"
                    WIDTH="638"
                    HEIGHT="69"></String>
          </TextLine>

          
          
          <TextLine ID="eSc_line_ec13c3c2"
                    TAGREFS="LT427"
                    BASELINE="198 926 836 910" 
                    HPOS="197"
                    VPOS="867"
                    WIDTH="639"
                    HEIGHT="73">
            <Shape><Polygon POINTS="198 926 198 933 242 940 243 940 285 931 296 930 305 931 328 937 329 937 331 937 332 937 333 937 339 931 342 929 392 928 399 930 404 934 405 934 406 934 407 934 428 930 447 926 453 930 462 934 463 934 464 934 465 934 481 929 496 925 513 929 533 933 534 933 590 931 591 931 601 928 615 923 641 928 653 929 654 929 680 926 757 919 835 924 836 910 831 867 810 873 728 871 688 870 686 870 685 870 684 870 680 872 672 877 635 875 620 873 619 873 590 876 539 881 523 878 501 875 500 875 499 875 497 875 491 879 488 882 392 884 383 883 348 878 347 878 345 878 328 886 327 886 326 886 296 879 295 879 226 888 216 882 214 882 213 882 212 882 211 882 197 888 198 926"/></Shape>
	    <String CONTENT="cqueton bon repas, argent, ⁊ priuera"
                    HPOS="197"
                    VPOS="867"
                    WIDTH="639"
                    HEIGHT="73"></String>
          </TextLine>

          
          
          <TextLine ID="eSc_line_f5f35a8a"
                    TAGREFS="LT427"
                    BASELINE="198 972 835 957" 
                    HPOS="197"
                    VPOS="915"
                    WIDTH="638"
                    HEIGHT="67">
            <Shape><Polygon POINTS="198 972 198 976 321 976 337 982 338 982 339 982 341 982 368 974 369 974 370 974 408 981 410 981 411 981 441 973 454 979 455 979 457 979 458 979 475 972 476 972 481 972 533 977 534 977 536 977 552 971 553 971 562 971 673 974 674 974 835 965 835 957 832 921 769 915 768 915 659 924 638 918 637 918 636 918 596 925 570 919 569 919 568 919 567 919 551 926 532 920 531 920 530 920 495 928 311 925 310 925 308 925 307 925 297 933 250 926 249 926 248 926 247 926 237 934 212 928 211 928 210 928 208 928 207 928 197 933 198 972"/></Shape>
	    <String CONTENT="le tout soubz l ombre de Requiem, de"
                    HPOS="197"
                    VPOS="915"
                    WIDTH="638"
                    HEIGHT="67"></String>
          </TextLine>

          
          
          <TextLine ID="eSc_line_25033cb8"
                    TAGREFS="LT427"
                    BASELINE="202 1018 595 1009" 
                    HPOS="201"
                    VPOS="965"
                    WIDTH="394"
                    HEIGHT="64">
            <Shape><Polygon POINTS="510 966 506 966 492 971 485 966 485 966 474 966 454 972 439 967 438 967 437 967 436 967 434 967 426 974 423 976 413 974 376 968 374 968 364 968 350 974 345 977 336 976 308 970 300 971 275 976 256 979 247 976 235 972 226 972 223 972 201 976 202 1018 202 1029 266 1021 280 1028 285 1029 286 1029 287 1029 310 1026 349 1020 381 1023 425 1026 426 1026 427 1026 439 1020 448 1016 454 1019 467 1025 468 1025 469 1025 470 1025 483 1018 489 1015 513 1016 554 1020 555 1020 595 1013 595 1009 591 973 527 973 526 973 515 965 510 966"/></Shape>
	    <String CONTENT="Profundis, ⁊ Libera."
                    HPOS="201"
                    VPOS="965"
                    WIDTH="394"
                    HEIGHT="64"></String>
          </TextLine>

          
          
          <TextLine ID="eSc_line_30dc457e"
                    TAGREFS="LT427"
                    BASELINE="250 1062 840 1049" 
                    HPOS="249"
                    VPOS="1007"
                    WIDTH="591"
                    HEIGHT="67">
            <Shape><Polygon POINTS="250 1062 250 1068 302 1074 303 1074 359 1067 360 1067 397 1072 399 1072 400 1072 412 1066 416 1066 516 1070 517 1070 518 1070 520 1070 528 1063 530 1063 532 1063 615 1067 616 1067 840 1056 840 1049 836 1007 795 1013 757 1009 746 1008 745 1008 743 1008 742 1008 741 1009 730 1015 690 1010 683 1010 682 1010 672 1012 636 1016 630 1013 627 1010 626 1010 625 1010 623 1010 581 1014 515 1020 441 1019 357 1016 355 1016 249 1024 250 1062"/></Shape>
	    <String CONTENT="Et puis que en tel propos nous"
                    HPOS="249"
                    VPOS="1007"
                    WIDTH="591"
                    HEIGHT="67"></String>
          </TextLine>

          
          
          <TextLine ID="eSc_line_0b8126e3"
                    TAGREFS="LT427"
                    BASELINE="201 1109 840 1093" 
                    HPOS="200"
                    VPOS="1051"
                    WIDTH="640"
                    HEIGHT="68">
            <Shape><Polygon POINTS="831 1057 799 1051 798 1051 796 1051 795 1051 785 1058 773 1052 772 1052 770 1052 699 1053 698 1053 696 1053 686 1061 685 1062 665 1062 656 1062 642 1055 641 1055 640 1055 638 1055 607 1062 543 1057 542 1057 541 1057 525 1065 523 1066 428 1067 425 1067 401 1061 400 1061 399 1061 397 1061 396 1061 387 1067 386 1068 380 1067 347 1062 345 1062 344 1062 329 1068 327 1070 317 1068 277 1065 276 1065 200 1071 201 1109 201 1119 298 1113 329 1115 359 1118 360 1118 362 1118 363 1118 369 1114 373 1111 380 1114 394 1118 395 1118 396 1118 429 1111 447 1109 460 1110 492 1115 494 1115 495 1115 496 1115 504 1109 507 1108 525 1109 591 1113 593 1113 648 1104 654 1104 663 1104 775 1108 777 1108 778 1108 803 1100 822 1107 824 1107 825 1107 826 1107 827 1107 840 1099 840 1093 836 1068 831 1057"/></Shape>
	    <String CONTENT="sommes, qui i amais telle iniquite a"
                    HPOS="200"
                    VPOS="1051"
                    WIDTH="640"
                    HEIGHT="68"></String>
          </TextLine>

          
          
          <TextLine ID="eSc_line_4b7ccc2c"
                    TAGREFS="LT427"
                    BASELINE="201 1157 837 1139" 
                    HPOS="200"
                    VPOS="1097"
                    WIDTH="637"
                    HEIGHT="68">
            <Shape><Polygon POINTS="201 1157 201 1165 836 1151 837 1139 835 1103 789 1097 788 1097 675 1107 659 1108 644 1108 536 1104 534 1104 533 1104 532 1104 532 1105 526 1111 464 1113 350 1116 348 1116 327 1110 326 1110 324 1110 323 1110 303 1118 302 1118 298 1118 237 1113 235 1113 200 1120 201 1157"/></Shape>
	    <String CONTENT="cõgneu entre marchãs, que en ceulx"
                    HPOS="200"
                    VPOS="1097"
                    WIDTH="637"
                    HEIGHT="68"></String>
          </TextLine>

          
          
          <TextLine ID="eSc_line_f565a72c"
                    TAGREFS="LT427"
                    BASELINE="201 1202 840 1186" 
                    HPOS="200"
                    VPOS="1145"
                    WIDTH="640"
                    HEIGHT="70">
            <Shape><Polygon POINTS="201 1202 201 1215 298 1207 341 1213 347 1213 348 1213 357 1211 402 1204 436 1210 441 1210 442 1210 443 1210 444 1210 444 1209 452 1203 612 1205 640 1205 641 1205 726 1203 727 1203 728 1203 742 1195 779 1202 785 1202 787 1202 788 1202 790 1200 810 1194 838 1199 840 1186 837 1152 773 1145 772 1145 770 1145 769 1145 769 1146 763 1152 709 1153 694 1146 693 1146 691 1146 646 1147 644 1147 643 1147 643 1149 642 1149 636 1156 630 1156 554 1152 553 1152 552 1152 551 1152 543 1158 542 1158 537 1158 495 1151 494 1151 455 1160 453 1160 450 1160 399 1153 397 1153 396 1153 395 1153 395 1155 387 1161 386 1162 378 1161 324 1156 323 1156 322 1156 308 1162 301 1156 300 1156 298 1156 297 1156 200 1165 201 1202"/></Shape>
	    <String CONTENT="icy. Lesquelz publicquemẽt sans hon"
                    HPOS="200"
                    VPOS="1145"
                    WIDTH="640"
                    HEIGHT="70"></String>
          </TextLine>

          
          
          <TextLine ID="eSc_line_41bbf0d6"
                    TAGREFS="LT427"
                    BASELINE="202 1250 837 1232" 
                    HPOS="202"
                    VPOS="1188"
                    WIDTH="635"
                    HEIGHT="80">
            <Shape><Polygon POINTS="202 1250 202 1261 237 1261 238 1261 248 1268 249 1268 250 1268 252 1268 253 1268 254 1268 265 1260 268 1258 316 1258 317 1258 324 1266 326 1266 327 1266 328 1266 394 1261 427 1267 428 1267 474 1266 475 1266 507 1255 510 1255 513 1255 563 1262 564 1262 612 1252 622 1251 627 1252 649 1261 651 1261 652 1261 653 1261 654 1261 654 1260 664 1251 668 1248 690 1251 726 1255 727 1255 728 1255 743 1250 754 1246 758 1250 767 1257 768 1257 769 1257 770 1257 772 1257 773 1257 784 1250 790 1256 791 1256 793 1256 794 1256 836 1247 837 1232 835 1195 801 1188 800 1188 799 1188 798 1188 788 1197 784 1200 722 1200 715 1199 693 1192 691 1192 690 1192 689 1192 688 1192 688 1193 680 1200 678 1202 669 1200 640 1195 638 1195 637 1195 625 1202 621 1203 614 1202 570 1194 569 1194 568 1194 567 1194 567 1195 559 1204 558 1205 543 1205 542 1204 521 1195 520 1195 518 1195 469 1207 462 1208 457 1207 431 1198 429 1198 428 1198 383 1200 381 1200 380 1200 368 1209 281 1207 280 1207 279 1207 277 1207 271 1213 270 1213 250 1208 249 1208 248 1208 208 1214 202 1250"/></Shape>
	    <String CONTENT="te ne uergõgne, uendent celaz ou ilz"
                    HPOS="202"
                    VPOS="1188"
                    WIDTH="635"
                    HEIGHT="80"></String>
          </TextLine>

          
        </TextBlock>
        
        <TextBlock HPOS="42"
                   VPOS="539"
                   WIDTH="124"
                   HEIGHT="59"
                   ID="eSc_textblock_d2cfbc2c"
                   TAGREFS="BT1180">
          <Shape><Polygon POINTS="42 539 42 598 166 598 166 539"/></Shape>
          
          
          <TextLine ID="eSc_line_c0f63bdf"
                    TAGREFS="LT427"
                    BASELINE="51 588 169 588" 
                    HPOS="51"
                    VPOS="552"
                    WIDTH="118"
                    HEIGHT="50">
            <Shape><Polygon POINTS="163 556 150 556 138 555 126 555 113 554 101 554 88 552 76 552 64 557 51 565 51 588 51 602 169 598 169 588 169 556 163 556"/></Shape>
	    <String CONTENT="T lim.i."
                    HPOS="51"
                    VPOS="552"
                    WIDTH="118"
                    HEIGHT="50"></String>
          </TextLine>

          
        </TextBlock>
        
        <TextBlock HPOS="730"
                   VPOS="1255"
                   WIDTH="112"
                   HEIGHT="32"
                   ID="eSc_textblock_d1551c21"
                   TAGREFS="BT1182">
          <Shape><Polygon POINTS="730 1255 730 1287 842 1287 842 1255"/></Shape>
          
          
          <TextLine ID="eSc_line_91a6d8ae"
                    TAGREFS="LT427"
                    BASELINE="743 1283 840 1281" 
                    HPOS="742"
                    VPOS="1240"
                    WIDTH="98"
                    HEIGHT="65">
            <Shape><Polygon POINTS="743 1283 743 1295 761 1304 762 1304 763 1304 764 1304 779 1299 791 1295 804 1302 811 1305 812 1305 814 1305 840 1304 840 1281 836 1240 742 1246 743 1283"/></Shape>
	    <String CONTENT="nont"
                    HPOS="742"
                    VPOS="1240"
                    WIDTH="98"
                    HEIGHT="65"></String>
          </TextLine>

          
        </TextBlock>
        

        
      </PrintSpace>
    </Page>
  </Layout>
</alto>
