918 1481
60 78 646 62 nõt rien, mesme le uẽdent aux per-

61 123 640 64 sonnages, ausq̃lz de droict il appar-

59 170 645 64 tiẽt: uoire ⁊ qui pis est mille foys ⁊

60 215 573 65 plus uendent une mesme chose.

109 267 596 60 Respõdez moy, les cloches du mõ

61 311 643 58 stier, qui les fist faire, a qui sont el-

60 357 644 62 les? les ont apportees ces faulx mar

60 406 641 55 chans? Pareillement la terre du tem

61 450 640 57 ple, ou du cimitiere, a qui est elle, dõt

60 497 641 59 est elle uenue? Est ce de leur pater-

60 544 638 61 nel heritage? il est certain que non:

60 593 640 61 mais appartient au peuple, ⁊ par-

59 638 642 59 roissiens. Ie leur demande donc, dõt

59 682 640 60 leur uient une telle audace, de ainsi

63 729 637 62 uendre le son des cloches, qui nont

60 777 638 59 pas faict faire, ⁊ aussi qui nont pas

59 824 640 53 peine de sonner: car ilz sont trop deli

58 871 640 55 catz menestriers. Ou de ainsi uẽdre

59 918 634 56 ⁊ reuendre la terre, ou ilz nont rien,

56 963 630 62 certes selon leur accoustumee facon,

58 1010 640 56 cest une terre bien chere, qui tant de

61 1056 634 63 foys si iniustement est payee: car cest

59 1107 629 54 tousiours a recommencer, ilz me re-

65 1150 633 59 spondront (cela ientendz bien) que

58 1198 638 68 cest le droict de leur eglise, ce que fa-

699 1044 107 59 De se-

696 1093 91 59 pult◊

704 1142 38 50 ⁊c

411 1246 284 68 C 2 cilemẽt
