918 1481
63 98 646 58 ne possession, la ou estoit en un dou

61 143 644 64 ble chãps un sepulchre, laq̃lle posses-

64 190 642 59 siõ luy fut entieremẽt baillee ⁊ adiui

63 236 640 55 gee en heritage, auec les usufruictz

61 287 644 57 des arbres qui y estoyent. Et par ain

65 331 638 58 si il est certain que ce paoure payẽ ne

63 375 641 61 print point argẽt de Abraham pour

61 422 640 59 neãt; mais luy bailla un tres bel he-

63 471 638 55 ritage; ce que ne font pas ces beaulx

61 515 642 61 marchãs, aux paoures gẽs; car sans

63 565 637 58 cesser prennent force argent, las ⁊ ne

66 609 334 59 scait on pourquoy.

111 652 592 58 Mais pour passe temps, faict il

60 701 636 60 pas bon ueoir aucunesfoys un tas

60 744 635 66 de desguisez ⁊ contrefaictz galandz,

60 794 638 58 publicquement se combatre, pour a-

60 839 636 59 uoir le corps mort de quelque person

59 886 639 59 nage; Grisars se arpillent cõtre gri

64 933 630 53 sars. frãciscains cõtre dominicaĩs.

60 978 635 57 Augustins contre Carmes. Noirs cõ

60 1025 633 61 tre blancz;. Enfumez cõtre bigarrez;

61 1071 634 61 Piars contre croisez; Prebstres con-

60 1120 633 52 tre moynes. Curez contre chanoines.

61 1166 632 55 Et toute telle sorte de canaille, que

60 1211 634 67 on deuroit deschasser, comme ma-

452 1258 238 69 C stins
