918 1481
179 98 633 67 stins, cõme corbeaulx ⁊ uaultours:

179 140 635 68 ce que ie dis est manifeste: ⁊ encore

181 188 633 66 ne peult on aduiser, de q̃l esprit telz

182 233 637 65 marchãs sont agitez. Qui les meut

185 278 636 72 de ainsi comme chiens effronteemẽt

186 328 635 66 courir apres la proye, comme loups

189 377 627 67 ⁊ regnars, apres la charõgne, sinon

187 417 638 72 le desir de bien maintenir leur grasse

192 466 634 72 souppe, leur ribauldise, ou (comme

192 512 635 69 ilz disent) leur estat: cest adire, leur

196 557 631 72 gourmandise ⁊ trop friãde cuysine.

196 608 556 64 car dautre chose ilz nont soulcy.

244 646 586 72 De cela uient, quãd il est questiõ

200 698 632 65 dun benefice, que tousiours ilz sen¬

202 744 633 63 quierẽt du reuenu: cõbiẽ il uault por

202 787 635 70 te: cõbien il uault trayne: combien il

207 835 630 68 uault sur le lieu: combien uault le

206 882 630 69 creux de leglise. Cest adire, les ba¬

207 928 633 72 ptesmes, mariages, offrandes, baise

207 978 634 62 doigt, luminaires, oblations, peleri¬

208 1019 635 72 nages. Sil y a point q̃lque terrible

210 1068 636 68 sainct qͥ se face craindre. Et sur tout

211 1115 634 72 sil y a force peuple, a cause des mor¬

210 1163 633 64 tuaires, enterremens, legatz, anni¬

212 1207 635 79 uersaires, ⁊ telles fines inuentiõs, ⁊

64 828 122 53 Corbã/

63 871 121 52 corbam.

65 916 141 67 Marc.7

710 1251 137 73 grosses
