918 1481
71 83 643 62 grosses charges sur le paoure peu-

70 132 640 60 ple. Car cõme en fort beau; latin ilz

71 176 641 59 disent. Ubi oues ibi pelles. Cest adirez

74 222 634 63 s il y a force brebis, il y a force laine

71 267 638 66 laq̃lle urayemẽt, ilz scauẽt biẽ cueil-

71 315 644 63 lir ⁊ tõdre. Et de faict, ilz sont tous

74 362 641 61 dun mestier, ⁊ n en scauẽt point d au-

74 409 643 62 tre si biẽ, q̃ cestuy cy; cest qͥlz sont ton

75 457 642 60 deurs de brebis. Iẽtendz du paoure

76 502 638 62 peuple. lesq̃lz ilz tõdent, ilz deuorẽt.

76 549 645 63 ilz escorchẽt, de si pres qͥlz en sussent

76 596 643 56 le sang ⁊ la sueur. Et de telle rapi-

77 647 639 55 ne. ioliement ilz sentretiennent; on le

81 689 567 55 uoit bien. ⁊ nul n y mect remede.

129 734 586 59 Et nõ seulemẽt ilz sont marchãs.

84 781 633 61 uẽdeurs ⁊ trafsiqueurs, mais aussi

82 834 637 58 Cpour la plus part  auaritieux re-

80 873 641 58 uendeurs. Or pour mieulx entẽdre

81 919 638 67 ce q̃ ie ueult dire. Reuẽdeur est celuy

82 968 635 58 qui achette pour reuẽdre a un autre.

85 1015 636 63 ⁊ en reuẽdant, auoir ꝓfit ⁊ gaigna-

85 1061 635 62 gez sur la chose dequoy on marchan-

84 1103 637 65 de. Aussi que iadis uouloit faire Si

85 1151 639 65 mõ magiciẽ, dequoy il est parle aux

86 1199 637 72 Actes des apostres. Et . Augustin

773 185 85 43 Bbi

708 220 144 54 ouis ibi

708 266 100 49 lana.

511 1250 214 70 E au

734 1200 88 65 Act. d.
