918 1481
193 88 638 61 la puissance du glaiue. pour en user

195 135 634 59 a son hõneur, deffendans les inno-

195 181 630 55 cens. punissans tous malfaicteurs.

198 228 631 60 soyez trouuez fideles, ⁊ ueritables

197 277 635 53 consentans a tout bien, resistans au

197 318 635 59 mal, de uostre puissance. poͬ sa bon-

200 366 633 56 ne uolunte; car par luy estes uous a

201 412 632 60 ce cõmis; ⁊ luy seul uoꝰ peult exal-

202 459 631 61 ter ou deprimer en la uie presente, ⁊

205 506 626 60 future; ⁊ de ce soyez acertenez si uoꝰ

205 550 632 62 tachez l hõnorer; il uous hõnorera; si

210 598 572 59 uous l exaltez, il uous exaltera.

253 649 587 58 Par sa sagesse les Roys regnẽt, ⁊

208 691 632 60 les Seigñrs ordonnent ordõnances

209 735 633 63 de iustice. Et le mespris de la uolun

211 783 631 63 te ⁊ sagesse diuine, est cause de tous

210 830 631 62 maulx, sur Roys,. Prĩces, Seignrs.

211 877 631 62 pays ⁊ natiõs; ce q̃ on a peu ueoir en

227 923 616 61 Dauid. Solomon, Ezechie, A chab.

227 970 620 62 Manasses, ⁊ sẽblables. Et ne fault

217 1018 630 61 pas que aucun ayt crainte en auan-

217 1062 631 56 ceant l honneur de Dieur ainsi que a

218 1109 630 56 eu le sunple Sedechie, craingnant

219 1155 629 63 plus les princes de Iudee, ⁊ de Ie-

221 1203 632 70 rusalem, q̃ le seul dieuz ne croyant au

69 740 130 58 Prou.d.

70 935 139 43 ⁊ roy ⁊ t.

70 973 146 55 i. Roy .ii

720 1246 131 73 conseil
