918 1481
74 74 631 69 cõseil du bõ Ieremie. Leq̃l Sedechie

75 118 632 69 par apres toutesfoys a trouue uray

75 166 639 66 tout ce q̃ le ꝓphete luy auoit dit: ⁊ a

75 212 636 66 este priue du bien qͥ luy estoit ꝓpose.

75 259 637 68 Car il nest en la puissance des hom-

75 308 634 64 mes, de priuer les Roys de leͬs cou

75 352 631 66 rones: mais au seul dieu appartiẽt,

75 397 641 69 qui transfere les royaulmes, cõme il

74 441 631 77 luy plaist, leq̃l sil est poͬ uous, qui se

75 501 290 56 ra contre uous.

117 535 589 69 O si ainsi prõptz ⁊ uigilans uoꝰ

75 586 639 66 estiez a procurer lhõneur de dieu, cõ-

75 634 639 68 me sont prõtz ⁊ diligẽtz ces conuoi-

75 682 635 62 teux marchans destre ap̃s leur cas,

76 726 624 67 poͬ bien garder q̃ rien ne leur eschap

80 775 509 66 pe, las que la chose iroit bien.

127 815 584 72 De leur estude ⁊ diligẽce nest be-

76 862 634 72 soing de parler, chascun le uoit: ilz

76 914 636 62 ont cẽt yeulx tousiours au guet, cõ-

77 961 634 65 me le chat apres la souriz: Iamais

77 1007 635 65 Argus, onc Ianus ne uit plus cler

77 1052 634 66 deuãt ⁊ derrier. Si les cloches son-

76 1103 634 63 nẽt en aucun lieu (ainsi qͥlz parlẽt)

79 1149 632 67 poͬ un obit: ⁊ gẽtilz galandz de cou

79 1194 564 74 rir: mais Dieu scait q̃lle dragee.

714 74 117 53 Iere.32.

722 118 62 50 ⁊.39.

713 307 140 59 Dani.2.

714 440 123 66 Rom̃.8.

602 1239 107 71 Si le
