918 1481
206 83 594 56 Si le maistre, ou la dame dune

160 125 641 65 maison est malade: mais qͥlz soyent

163 181 636 52 aucunemẽt riches: car de paoures ne

163 218 637 64 tiẽnent cõpte, ⁊ qͥl y ayt apparẽce de

161 269 639 55 mort: ⁊ marchans dedãs, poͬ recom

161 309 637 64 mãder leͬ bouticque, leur fabricque,

161 356 634 66 leglise, le mõstier, q̃lque fondation,

160 408 639 56 anniuersaire, ou autre donation, te-

163 452 638 60 stamẽtaire. On a beau faire, iamais

161 498 639 58 du lieu ne partirõt quilz nayẽt q̃lque

161 544 639 61 butin, ou certes ilz dirõt q̃ on est he-

161 597 639 54 reticque, lutheriẽ: ⁊ Dieu scait q̃lles

165 638 633 59 finesses, q̃lles faulcetez, ⁊ cautelles,

163 689 640 56 de iour en iour y si cõmet. De la mai

169 731 626 62 son, de la famille, ou des enfans, en

166 786 634 51 pense qui pourra: mais qͥlz ayent ce

165 825 560 59 quilz demandent, il leur suffist.

216 873 587 56 Si quelque gẽs se marient, ⁊ mar

165 916 638 65 chãs la, poͬ uisiter le lict de lesposee.

218 965 585 54 Si quelque femme est accouchee ⁊

169 1010 630 61 gẽs ap̃s poͬ estre de la feste, Brief,

170 1056 630 59 soit a la uie, soit a la mort, tousioͬs

169 1111 632 51 scauẽt practiquer en leur cas iamais

169 1150 632 61 il ny a fin, cest tousiours a reffaire.

196 1198 604 64 Et poͬ leur cas, a leͬ mode mieulx

643 1244 156 67 disposer,
