918 1481
63 69 511 60 uẽtres, au simple populaire.

106 118 595 57 Miserables puis ie bien dire: car

61 164 637 54 sur la terre, iamais ny eut gens en

59 211 637 58 toutes sortes plus malheureux, ilz

60 261 635 56 se desfigurent ⁊ macerent, ilz exter-

58 303 632 57 minẽt leurs faces: cõme hypocrites,

58 351 637 57 ilz se tormẽtent ⁊ crucient, pour ap-

58 394 637 61 paroistre au mõde ce qͥlz ne sont pas

56 441 639 60 bref en se dãnant ilz ont prou peine.

60 487 633 63 Toutesfoys, silz ueoyent q̃lque ieu-

58 536 640 58 ne enfãt: mais qͥl soye riche ⁊ de bõs

58 583 640 58 parens, ilz ferõt tant, silz peuuẽt qͥl

58 628 638 61 sera englue ⁊ mis en leur fille pour

56 675 639 58 le rendre semblable a eulx. A telles

61 720 632 55 gẽs Iesus Christ dõne maledictiõ,

56 766 630 64 quãd il dit: Malheur, sur uous hy-

58 815 635 58 pocrites qͥ auironnez la mer ⁊ la ter

56 860 637 61 re, pour faire un nouice: ⁊ quãd il se

58 907 636 64 ra faict, il sera au double, pire que

59 954 631 61 uous. Uoyla leur ioye ⁊ cõsolation

58 1000 627 62 den attirer quelcun a leur estat. Pau

54 1047 626 57 quoy cela est bien ueritable, q̃ la con

56 1092 627 63 solation des malheureux, est den a

55 1140 634 62 uoir de semblables. Ce que ie dis est

59 1183 634 72 uerite: ⁊ nest point dit pour desir ou

704 755 126 85 Mat.23.

696 1013 142 69 Cõsola-

694 1065 136 51 tio mise-

691 1111 105 66 rorum.

523 1236 161 66 affection
