918 1481
189 83 640 57 affection de mesdire. Mais afin q̃ de

190 125 639 61 telz imposteurs, qui au dchors sem-

189 172 638 55 blẽt estre simples brebis. ⁊ au dedãs

198 217 629 63 sont loups rauissans, les brebis de

195 262 634 68 Iesus christ, qͥ sont parmy eulx, car

191 312 639 61 certes y en y a auec layde du grãd ⁊

193 357 636 66 uray pasteur Iesus, se puissent gar

191 402 636 65 der ⁊ deliurer; ⁊ q̃ deulx ⁊ toꝰ ceulx

192 450 638 63 qui sont en tenebres ⁊ erreur soit en-

192 496 637 61 tierement uerifie, ce q̃ dit S. Pierre.

196 543 633 61 Uoꝰ auez este cõme brebis perdues;

193 589 636 62 mais maintenãt uous estes cõuer-

193 636 636 62 tis au pasteur ⁊ euesq̃ de uoz ames.

239 681 591 61 Et ne fault point a cecy que on se

193 728 637 61 arreste au grand nõbre, a la multitu

192 773 638 68 dez a leurs richesses. ⁊ puissance; car

192 819 637 67 trop mieulx uault ouyr le seul Mi-

192 870 637 59 chee que les, quatre cent faulx pro-

192 912 637 67 prephetes. Le seul Clie que tous les

191 958 638 66 sacrificateurs de Baal Le bõ ⁊ sim

192 1008 637 65 ple Symeon ⁊ lanciẽne uefue Anne

192 1051 635 65 que tous les Pharisiẽs. Sacrifica-

192 1099 638 64 teurs, scribes ⁊ docteurs, qͥ de la mai

195 1145 631 68 son de Dieu auoyẽt faict une spe-

192 1195 638 71 l unque de meurtriers ; desq̃lz nostre

55 220 130 56 Mat.

55 536 127 61 Pier .⁊

51 677 142 44 roys.re

49 723 140 52 ⁊ . roys. is

53 765 79 45 s.d.

53 805 117 47 Qus. Li

640 1242 187 66 Seigneur
