918 1481
187 98 644 66 doibt on asprement punir telz hypo-

187 140 642 72 crites. Lesq̃lz soubz apparẽce ⁊ cou-

190 187 645 75 leur de sainctete abusent ainsi le pao

192 233 648 75 ure peuple, au grand blaspheme de

197 277 640 74 Dieu. ⁊ diffamatiõ de leur ꝓchain;

198 325 639 74 Tout le mõde soit dõc bien certain:

198 369 644 79 si les seigneurs de iustice. nẽ font pu

197 414 646 75 nition telle qͥl appartiẽt, q̃ le Seigñr

201 464 639 79 Dieu en fera si terrible uengeance.

203 512 539 75 que tout le monde en fremira.

238 551 607 82 Sẽblablemẽt des finesses, ⁊ grãdz

203 599 639 74 abuz q̃ telles gens ont cõmis en An-

205 647 643 77 gleterre par leur saincte Ioanne. est

203 693 648 72 il hõme qͥ les sceust estimer. D auan

205 741 646 74 tage, q̃ dira on du Misererez ou Ua-

205 784 646 73 de in pac, que telz bigotz, telz hypo

207 836 644 72 crites. tant marmiteux ⁊ si deuotz,

208 878 642 76 scauent bien aucunesfoys faire aux

208 923 648 80 leurs mesmes compaignons, pour

212 968 644 77 du tout sen despescher, quãd ilz crai-

217 1014 633 80 gnẽt q̃ par eulx ne soyẽt accusez. O

217 1060 642 74 cruaulte. O temeraire hardiessez de

218 1109 641 72 laq̃lle iamais on ne faict pour suitte.

277 1157 585 74 Ily a mille autres choses dont a

221 1204 640 84 present ie me deporte, que ie diroys

699 1245 157 64 tres uer
