918 1481
88 88 640 61 tres ueritablemẽt si ie uoulois, mais

90 139 635 59 poͬ maintenãt, ie men austiẽs, crain

87 185 535 58 gnant scãdaliser les infirmes.

132 234 585 51 Apres dõc auoir aucunemẽt par-

82 277 638 57 le de ses fins regnardz,. ⁊ cauteleux

81 322 639 58 marchãs auec lesquelz sont cõprins

82 370 466 59 les hermites ⁊ hermitons.

133 412 586 65 Il seroit bon aussi de parler d un

81 464 639 58 grand tropeau de marchandes, au-

79 510 638 58 tant ou plus fines q̃ les marchans;

79 555 633 62 lesquelles se sont nõmces moynes-

84 601 636 62 ses, nõnains, recluses, beguines, reli

79 646 640 64 gieuses, chanoinesses, seurettes, bi-

81 698 639 56 gottes, filles dieu. repanties, ⁊ telle

80 739 639 60 sorte de uermine; mais ie reserue ce-

79 786 638 61 ste matiere C certes qui n est pas mai

81 831 519 65 gre  pour q̃lque autre saison.

128 877 588 62 Il est bon neantmnoins de retenir

80 925 637 58 a biẽ noter que des repẽties il en y a

79 972 636 56 de deux sortes. Aucunes sans la uer

79 1020 633 57 tu en portent seulement le nom; ⁊ a-

79 1066 632 58 uant que estre receues en tel consort,.

81 1109 634 64 fault necessairemẽt sauf uostre gra

80 1157 634 61 ce qͥlz ayent ioue de la nauette. Les

81 1208 631 63 autres n ẽ ont pas le nom, ⁊ n est paa

418 1260 292 55 S requis
