918 1481
76 108 635 58 que bonne deliurãce: leq̃l par sa gra¬

76 151 634 55 ce nous uueille tous deliurer des te

75 192 635 62 nebres derreur, de faulsete, dydola

75 241 632 61 trie ⁊ infidelite, en laquelle sommes

74 287 632 63 miserablemẽt tõbez: pourtãt q̃ nous

72 331 637 65 auons delaisse sa pure ⁊ saincte pa¬

71 380 638 64 rolle, suyuant noz opinions ⁊ folles

74 429 631 58 fantasies. Car satan le tẽtateur, en¬

69 473 636 65 nemy de nostre salut, par cautelle se

69 519 634 62 transfigurant en Ange de lumiere,

70 564 634 60 soubz umbre ⁊ couleͬ de uerite tous¬

66 612 639 54 iours contreuient a la uolunte de

65 662 640 58 dieu, ainsi que entre autres chose, il

65 703 634 67 est certain du corps de Moyse. Leq̃l

65 750 633 63 fut enseuely de dieu, ⁊ iusq̃ au iour

64 797 632 61 present iamais hõme ne trouua son

65 844 633 55 sepulchre. Nonobstant que le diable

66 889 629 63 se soit efforce, le reueler ⁊ monstrer:

63 935 641 69 mais lange de Dieu luy resista, in¬

63 986 633 58 uocquant cõtre luy, la puyssance du

64 1030 632 64 Seigñr. Car certes ce faulx serpent

65 1078 630 57 uouloit abuser du corps, des os, ⁊

63 1128 631 51 reliques du sainct Prophete, tachãt

61 1169 628 62 la esleuer quelque lieu de deuotion,

64 1218 630 81 quelque beau pelerinage, ⁊ une plai

715 429 122 56 2.Cor.11

710 707 135 52 Deut.34

703 956 116 51 Iude.1

528 1265 166 70 3 sante
