918 1481
189 66 605 70 ira un qui ne soit entache de folie.

190 111 629 74 Et pourtant, qui que ce soit, ie sup¬

189 157 633 73 plie qui soit fouette, espoussete a la

189 206 633 67 grãd sorte, afin qͥl sen retourne tout

186 254 635 69 dehait. Et les fouetteurs auront le

187 296 382 63 uin, dou quil uienne.

219 343 603 69 Neusse pas este belle aulmosne da

182 393 639 67 uoir par charite, bien gayemẽt fouet

182 436 635 72 te un galand, qui se disoit aulmos¬

181 481 640 74 nien, ie ne scay sil estoit de Nice, ou

181 531 638 70 dautre lieuz lequel depuis q̃lque tẽps

182 576 637 69 au pays de Picardie, en la noble ci¬

181 620 636 73 te Dabeuille fist iolyment le pire¬

180 671 634 71 touin. Et poͬ bien entendre la farce,

177 714 638 74 lors que la Royne fist son entree, en

177 760 639 64 ladicte uille Dabeuille, ce bon pater

179 808 637 67 (la court ⁊ luy estantz audict lieu

179 854 632 71 Dabeuille) se aduisa de iouer son

177 905 638 66 personnage: cest adire se mõstrer tel

179 947 633 68 quil estoit. Car apres que un certain

176 993 636 70 iour, en leglise qu on appelle S. Ul¬

182 1036 630 74 fran, il eut dit sa belle messe, il fist le

182 1088 628 64 soubresault: ⁊ uoluntairemẽt come

182 1135 629 69 un ioueur de soupplesse se laissa tõ¬

180 1179 632 103 ber ⁊ cheoir, feingnant estre raux, ou

700 1241 110 53 ueoir
