918 1481
76 98 638 59 che. Lun ua de pied, lautre de che¬

74 145 635 58 ual. Lun est tout nud, lautre bien

75 191 637 53 uestu, lun est arme, lautre embegui

74 236 637 60 ne, cest merueilles dy penser. Et cer¬

74 282 637 61 tes si ie uouloys plus amplement

75 329 635 59 ouurir ⁊ dilater, ce qui est soubz ce¬

74 376 637 58 ste umbre cache, il fauldroit faire

72 423 617 60 tout a part und bien grand liure.

74 471 636 59 Parquoy ce propos pour une autre

76 515 635 58 foys ie differe, attendant layde du

76 561 635 63 Seigneur, lequel a tousiours soit

72 608 639 63 loue, exalte, ⁊ magnifie par son seul

112 654 571 64 filz bien ayme, nostre Seigneur

159 701 483 65 Iesus Christ, qui de son sãg

191 749 402 61 nous a purgez. Iceluy

235 792 320 65 soit beneist es sie¬

294 839 207 63 cles des sie¬

349 884 88 58 cles.

324 982 139 75 Amen.

707 713 133 73 1.Iehan.◊
