<?xml version="1.0" encoding="UTF-8"?>
<alto xmlns:xsi="http://www.w3.org/2001/XMLSchema-instance"
      xmlns="http://www.loc.gov/standards/alto/ns-v4#"
      xsi:schemaLocation="http://www.loc.gov/standards/alto/ns-v4# http://www.loc.gov/standards/alto/v4/alto-4-2.xsd">
  <Description>
    <MeasurementUnit>pixel</MeasurementUnit>
    <sourceImageInformation>
      <fileName>8_8b80f_default.jpg</fileName>
      <fileIdentifier>https://www.e-rara.ch/i3f/v20/4518946/full/full/0/default.jpg</fileIdentifier>
    </sourceImageInformation>
  </Description>
  
  <Tags>
    <OtherTag ID="BT1178" LABEL="MainZone" DESCRIPTION="block type MainZone"/><OtherTag ID="BT1179" LABEL="TitlePageZone" DESCRIPTION="block type TitlePageZone"/><OtherTag ID="BT1180" LABEL="MarginTextZone" DESCRIPTION="block type MarginTextZone"/><OtherTag ID="BT1181" LABEL="MarginTextZone:handwrittenAddition" DESCRIPTION="block type MarginTextZone:handwrittenAddition"/><OtherTag ID="BT1182" LABEL="QuireMarksZone" DESCRIPTION="block type QuireMarksZone"/><OtherTag ID="BT1183" LABEL="DropCapitalZone" DESCRIPTION="block type DropCapitalZone"/><OtherTag ID="BT1184" LABEL="GraphicZone" DESCRIPTION="block type GraphicZone"/><OtherTag ID="BT1185" LABEL="StampZone" DESCRIPTION="block type StampZone"/>
    <OtherTag ID="LT427" LABEL="DefaultLine" DESCRIPTION="line type DefaultLine"/><OtherTag ID="LT428" LABEL="DropCapitalLine" DESCRIPTION="line type DropCapitalLine"/><OtherTag ID="LT429" LABEL="HeadingLine" DESCRIPTION="line type HeadingLine"/>
  </Tags>
  
  <Layout>
    <Page WIDTH="918"
          HEIGHT="1481"
          PHYSICAL_IMG_NR="8"
          ID="eSc_dummypage_">
      <PrintSpace HPOS="0"
                  VPOS="0"
                  WIDTH="918"
                  HEIGHT="1481">
        
        <TextBlock HPOS="86"
                   VPOS="210"
                   WIDTH="211"
                   HEIGHT="203"
                   ID="eSc_textblock_bdc2a8a4"
                   TAGREFS="BT1183">
          <Shape><Polygon POINTS="99 210 86 411 291 413 297 216"/></Shape>
          
          
          <TextLine ID="eSc_line_1c7cca44"
                    TAGREFS="LT428"
                    BASELINE="99 398 287 408" 
                    HPOS="97"
                    VPOS="344"
                    WIDTH="189"
                    HEIGHT="73">
            <Shape><Polygon POINTS="97 410 284 417 286 407 285 385 273 386 263 380 255 373 254 373 253 373 252 373 250 373 245 375 224 383 198 383 161 357 148 346 147 346 145 346 101 344 98 397"/></Shape>
	    <String CONTENT="E"
                    HPOS="97"
                    VPOS="344"
                    WIDTH="189"
                    HEIGHT="73"></String>
          </TextLine>

          
        </TextBlock>
        
        <TextBlock HPOS="46"
                   VPOS="74"
                   WIDTH="701"
                   HEIGHT="1135"
                   ID="eSc_textblock_50ac1b1d"
                   TAGREFS="BT1178">
          <Shape><Polygon POINTS="87 74 46 1194 705 1209 747 83"/></Shape>
          
          
          <TextLine ID="eSc_line_257c6d25"
                    TAGREFS="LT429"
                    BASELINE="223 124 638 134" 
                    HPOS="222"
                    VPOS="83"
                    WIDTH="416"
                    HEIGHT="57">
            <Shape><Polygon POINTS="606 97 590 87 581 87 569 87 549 91 536 87 532 87 520 87 507 87 505 86 478 93 475 93 474 93 463 86 458 86 446 86 433 86 421 86 418 85 396 87 389 85 384 85 371 85 360 85 348 90 342 91 284 91 280 87 275 83 273 83 260 83 248 83 239 83 234 83 224 95 223 124 222 129 239 135 240 135 242 135 273 130 280 136 281 136 282 136 284 136 323 132 326 132 328 132 389 139 636 140 638 134 637 129 631 97"/></Shape>
	    <String CONTENT="¶ Cy commence le liure"
                    HPOS="222"
                    VPOS="83"
                    WIDTH="416"
                    HEIGHT="57"></String>
          </TextLine>

          
          
          <TextLine ID="eSc_line_caf332fc"
                    TAGREFS="LT429"
                    BASELINE="292 170 558 176" 
                    HPOS="291"
                    VPOS="127"
                    WIDTH="267"
                    HEIGHT="60">
            <Shape><Polygon POINTS="426 135 400 138 390 134 378 129 376 129 375 129 374 129 365 133 357 136 342 132 328 127 320 127 292 129 292 170 291 178 296 182 297 182 298 182 300 182 331 177 555 187 558 176 558 141 478 130 476 130"/></Shape>
	    <String CONTENT="des marchans."
                    HPOS="291"
                    VPOS="127"
                    WIDTH="267"
                    HEIGHT="60"></String>
          </TextLine>

          
          
          <TextLine ID="eSc_line_ca8de102"
                    TAGREFS="LT427"
                    BASELINE="301 265 725 273" 
                    HPOS="300"
                    VPOS="222"
                    WIDTH="425"
                    HEIGHT="65">
            <Shape><Polygon POINTS="709 243 696 240 684 239 672 236 659 234 647 233 635 230 622 228 610 227 597 225 586 225 564 232 555 225 548 225 536 225 523 224 511 224 507 224 506 224 505 224 489 232 480 224 479 224 478 224 476 224 427 230 423 230 422 230 402 223 400 223 387 223 385 222 369 229 360 222 350 222 338 222 326 222 313 222 308 222 301 225 301 265 300 270 328 278 329 278 331 278 332 278 352 272 374 281 375 281 376 281 420 273 441 281 442 281 443 281 502 276 543 285 544 285 546 285 560 277 664 287 665 287 724 278 725 273 715 244 709 243"/></Shape>
	    <String CONTENT="Stat de marchãdise, poͬ"
                    HPOS="300"
                    VPOS="222"
                    WIDTH="425"
                    HEIGHT="65"></String>
          </TextLine>

          
          
          <TextLine ID="eSc_line_ed6744cc"
                    TAGREFS="LT427"
                    BASELINE="300 309 722 322" 
                    HPOS="298"
                    VPOS="265"
                    WIDTH="424"
                    HEIGHT="68">
            <Shape><Polygon POINTS="553 271 552 271 551 271 538 280 512 270 511 270 510 270 509 270 489 278 465 269 464 269 463 269 391 276 389 276 385 276 321 266 312 266 307 265 300 271 300 309 298 314 359 323 360 323 415 318 418 318 420 318 428 325 429 325 431 325 432 325 584 323 595 330 596 330 597 330 599 330 600 330 623 324 679 333 680 333 721 325 722 322 722 286 620 283 619 282 606 273 605 273 604 273 554 271 553 271"/></Shape>
	    <String CONTENT="le tẽps de ceste uie mor¬"
                    HPOS="298"
                    VPOS="265"
                    WIDTH="424"
                    HEIGHT="68"></String>
          </TextLine>

          
          
          <TextLine ID="eSc_line_803a9f4e"
                    TAGREFS="LT427"
                    BASELINE="297 357 719 371" 
                    HPOS="296"
                    VPOS="312"
                    WIDTH="423"
                    HEIGHT="65">
            <Shape><Polygon POINTS="386 313 385 313 380 315 371 320 364 314 362 312 360 312 359 312 348 312 297 312 297 357 296 361 339 370 341 370 363 365 370 371 371 371 373 371 374 371 375 371 395 366 410 372 411 372 412 372 441 367 444 367 716 377 719 371 719 333 684 333 680 330 669 323 668 323 667 323 665 323 664 323 651 329 647 330 646 329 638 322 638 320 637 320 636 320 635 320 589 325 568 328 522 323 475 317 474 317 459 319 442 323 434 318 431 314 429 314 428 314 387 313 386 313"/></Shape>
	    <String CONTENT="telle, est tant necessaire,"
                    HPOS="296"
                    VPOS="312"
                    WIDTH="423"
                    HEIGHT="65"></String>
          </TextLine>

          
          
          <TextLine ID="eSc_line_cd50a71d"
                    TAGREFS="LT427"
                    BASELINE="295 402 721 414" 
                    HPOS="294"
                    VPOS="365"
                    WIDTH="427"
                    HEIGHT="62">
            <Shape><Polygon POINTS="295 402 294 409 301 415 302 415 303 415 305 415 399 412 410 412 418 413 467 420 468 420 469 420 470 420 470 419 475 415 476 414 483 415 506 422 507 422 509 422 527 418 539 415 543 419 548 423 549 423 551 423 552 423 584 420 622 418 719 427 721 414 721 373 295 365 295 402"/></Shape>
	    <String CONTENT="que sans iceluy bonne¬"
                    HPOS="294"
                    VPOS="365"
                    WIDTH="427"
                    HEIGHT="62"></String>
          </TextLine>

          
          
          <TextLine ID="eSc_line_ac418956"
                    TAGREFS="LT427"
                    BASELINE="86 441 716 460" 
                    HPOS="85"
                    VPOS="407"
                    WIDTH="631"
                    HEIGHT="60">
            <Shape><Polygon POINTS="86 441 85 452 714 467 716 460 715 422 641 423 637 419 632 415 632 414 631 414 630 414 586 413 585 413 584 413 567 418 558 420 554 418 548 412 547 412 546 412 544 412 491 417 468 418 463 415 452 409 450 409 370 407 369 407 368 407 353 413 349 414 334 413 284 407 282 407 86 407 86 441"/></Shape>
	    <String CONTENT="ment on ne peult uiure, il est loua¬"
                    HPOS="85"
                    VPOS="407"
                    WIDTH="631"
                    HEIGHT="60"></String>
          </TextLine>

          
          
          <TextLine ID="eSc_line_2231e509"
                    TAGREFS="LT427"
                    BASELINE="85 488 715 507" 
                    HPOS="84"
                    VPOS="449"
                    WIDTH="631"
                    HEIGHT="70">
            <Shape><Polygon POINTS="85 488 84 497 145 497 149 498 168 504 169 504 170 504 303 502 331 502 338 503 380 510 381 510 383 510 401 504 402 504 420 512 421 512 422 512 457 506 460 506 476 507 631 518 632 518 633 518 649 512 672 519 673 519 674 519 714 512 715 507 715 468 674 460 673 460 623 465 622 465 607 459 606 459 605 459 604 459 602 459 602 460 597 464 589 457 588 457 586 457 585 457 554 462 548 464 425 461 421 459 404 452 402 452 401 452 355 456 345 457 344 456 341 451 339 451 339 450 338 450 337 450 336 450 307 455 301 456 298 455 292 449 291 449 290 449 85 449 85 488"/></Shape>
	    <String CONTENT="ble ⁊ fort utile, pourueu quil soit fi¬"
                    HPOS="84"
                    VPOS="449"
                    WIDTH="631"
                    HEIGHT="70"></String>
          </TextLine>

          
          
          <TextLine ID="eSc_line_1d5ccaca"
                    TAGREFS="LT427"
                    BASELINE="84 533 712 551" 
                    HPOS="82"
                    VPOS="491"
                    WIDTH="630"
                    HEIGHT="71">
            <Shape><Polygon POINTS="698 507 696 507 695 507 684 512 675 515 642 510 622 508 621 508 610 509 593 513 573 508 551 502 542 502 532 507 526 510 518 507 505 501 504 501 502 501 501 501 488 506 480 509 470 506 457 499 454 499 415 504 387 507 359 502 322 496 321 496 320 496 306 501 294 504 229 503 219 498 207 492 206 492 205 492 203 492 191 497 182 501 168 497 149 491 148 491 147 491 84 493 84 533 82 538 134 546 416 547 423 555 425 555 426 555 427 555 627 555 670 562 672 562 711 556 712 551 712 512 699 507 698 507"/></Shape>
	    <String CONTENT="delemẽt entretenu. Quil soit neces¬"
                    HPOS="82"
                    VPOS="491"
                    WIDTH="630"
                    HEIGHT="71"></String>
          </TextLine>

          
          
          <TextLine ID="eSc_line_e6f9e5b7"
                    TAGREFS="LT427"
                    BASELINE="81 582 710 599" 
                    HPOS="80"
                    VPOS="538"
                    WIDTH="630"
                    HEIGHT="72">
            <Shape><Polygon POINTS="701 564 611 551 610 551 609 551 607 551 600 557 570 552 569 552 544 557 530 560 497 555 462 550 460 550 459 550 452 554 441 557 418 551 397 546 396 546 395 546 394 546 385 550 378 554 366 550 348 543 347 543 345 543 313 547 292 550 255 545 216 539 214 539 213 539 200 543 171 550 143 540 137 538 135 538 81 538 81 582 80 591 82 593 84 593 84 594 85 594 86 594 87 594 124 588 170 597 171 597 201 591 305 601 306 601 368 597 391 596 395 598 400 602 401 602 402 602 464 604 465 604 467 604 468 604 471 601 475 598 490 602 504 605 505 605 506 605 539 604 583 602 707 610 710 599 709 591 701 564"/></Shape>
	    <String CONTENT="saire, uiue experience appertement"
                    HPOS="80"
                    VPOS="538"
                    WIDTH="630"
                    HEIGHT="72"></String>
          </TextLine>

          
          
          <TextLine ID="eSc_line_58282439"
                    TAGREFS="LT427"
                    BASELINE="77 625 682 644" 
                    HPOS="76"
                    VPOS="583"
                    WIDTH="606"
                    HEIGHT="71">
            <Shape><Polygon POINTS="547 596 546 596 531 599 520 603 515 599 509 594 507 594 506 594 505 594 476 598 458 601 452 598 439 592 436 592 434 592 428 597 426 599 415 597 396 592 395 592 394 592 392 592 391 592 387 596 384 598 318 598 287 593 238 587 226 587 219 586 177 591 158 592 145 589 121 583 114 583 105 583 77 587 77 625 76 630 117 639 118 639 187 635 196 635 202 635 240 643 679 654 682 644 682 604 612 598 611 598 610 598 609 598 605 602 600 605 576 601 548 596 547 596"/></Shape>
	    <String CONTENT="le demonstre: car certes il est besoin"
                    HPOS="76"
                    VPOS="583"
                    WIDTH="606"
                    HEIGHT="71"></String>
          </TextLine>

          
          
          <TextLine ID="eSc_line_2a87bba4"
                    TAGREFS="LT427"
                    BASELINE="76 672 673 689" 
                    HPOS="75"
                    VPOS="629"
                    WIDTH="598"
                    HEIGHT="69">
            <Shape><Polygon POINTS="76 672 75 677 92 686 93 686 95 686 96 686 113 680 150 686 151 686 153 686 154 686 161 680 172 680 237 682 247 691 248 691 249 691 250 691 252 691 276 683 279 683 281 683 321 691 322 691 394 687 415 687 418 688 436 696 437 696 438 696 478 691 488 689 491 691 500 698 501 698 502 698 504 698 672 697 673 689 673 650 589 644 588 644 586 644 576 647 568 650 564 647 558 641 557 641 555 641 554 641 553 641 538 646 531 649 429 647 411 644 375 638 374 638 322 641 302 643 297 641 279 633 277 633 276 633 275 633 254 640 249 641 243 640 221 631 219 631 161 629 160 629 159 629 158 629 144 638 143 638 119 629 118 629 117 629 76 635 76 672"/></Shape>
	    <String CONTENT="que labondance dun pays supplie"
                    HPOS="75"
                    VPOS="629"
                    WIDTH="598"
                    HEIGHT="69"></String>
          </TextLine>

          
          
          <TextLine ID="eSc_line_4e456b96"
                    TAGREFS="LT427"
                    BASELINE="75 719 698 739" 
                    HPOS="74"
                    VPOS="675"
                    WIDTH="624"
                    HEIGHT="76">
            <Shape><Polygon POINTS="695 698 640 691 638 691 637 691 612 697 606 698 605 697 596 689 595 689 594 689 593 689 591 689 579 696 576 697 516 697 506 694 462 684 460 684 459 684 444 692 443 693 442 692 425 683 423 683 422 683 421 683 394 691 390 692 389 691 379 682 378 682 376 682 375 682 313 689 307 689 306 689 292 680 291 680 290 680 289 680 200 686 189 677 189 676 187 676 186 676 175 676 163 676 150 675 149 675 148 675 147 675 118 683 87 677 86 677 85 677 75 681 75 719 74 730 226 730 295 739 307 740 308 740 313 740 347 733 413 742 425 744 426 744 431 742 458 736 462 741 463 741 463 742 464 742 465 742 467 742 533 739 539 746 541 746 541 747 542 747 543 747 544 747 546 747 549 746 572 740 591 746 593 746 594 746 678 744 694 751 698 739 698 712 695 698"/></Shape>
	    <String CONTENT="satisface a ce qui deffault en lautre."
                    HPOS="74"
                    VPOS="675"
                    WIDTH="624"
                    HEIGHT="76"></String>
          </TextLine>

          
          
          <TextLine ID="eSc_line_62f0c79b"
                    TAGREFS="LT427"
                    BASELINE="72 763 701 779" 
                    HPOS="71"
                    VPOS="721"
                    WIDTH="630"
                    HEIGHT="70">
            <Shape><Polygon POINTS="691 742 680 739 678 739 665 739 662 738 646 742 600 736 599 736 551 740 543 735 542 735 532 734 523 740 458 740 457 739 438 731 437 731 436 731 434 731 412 738 411 738 410 738 366 729 357 729 354 728 320 735 318 735 255 725 254 725 168 731 119 721 118 721 72 729 72 763 71 775 699 791 701 779 699 762 691 742"/></Shape>
	    <String CONTENT="Et par aĩsi, personnages laborieux"
                    HPOS="71"
                    VPOS="721"
                    WIDTH="630"
                    HEIGHT="70"></String>
          </TextLine>

          
          
          <TextLine ID="eSc_line_4797ac95"
                    TAGREFS="LT427"
                    BASELINE="71 810 703 829" 
                    HPOS="70"
                    VPOS="767"
                    WIDTH="633"
                    HEIGHT="74">
            <Shape><Polygon POINTS="694 792 664 786 663 786 632 789 625 791 621 789 609 783 607 783 606 783 605 783 594 788 593 788 572 781 570 781 569 781 544 786 536 788 533 786 530 781 528 781 528 779 527 779 526 779 525 779 523 779 502 784 492 787 485 783 473 778 471 778 470 778 447 782 431 784 400 781 359 775 358 775 357 775 345 778 333 782 324 777 320 773 318 773 317 773 316 773 315 773 303 776 296 778 289 776 279 772 277 772 276 772 263 775 239 779 71 767 71 810 70 818 114 826 116 826 187 821 196 821 201 821 239 830 240 830 273 824 275 824 281 824 371 834 373 834 421 829 448 836 449 836 450 836 452 836 465 830 500 837 501 837 573 833 574 833 575 833 620 841 621 841 701 835 703 829 699 804 694 792"/></Shape>
	    <String CONTENT="diligentz, industrieux: sont requis"
                    HPOS="70"
                    VPOS="767"
                    WIDTH="633"
                    HEIGHT="74"></String>
          </TextLine>

          
          
          <TextLine ID="eSc_line_490f6e46"
                    TAGREFS="LT427"
                    BASELINE="67 858 700 875" 
                    HPOS="66"
                    VPOS="815"
                    WIDTH="634"
                    HEIGHT="69">
            <Shape><Polygon POINTS="67 858 66 867 114 865 145 871 148 871 149 871 150 871 163 866 698 884 700 875 700 836 625 836 620 834 602 828 601 828 600 828 515 831 507 831 506 831 504 826 502 826 502 825 501 825 500 825 499 825 465 830 457 831 446 830 408 823 407 823 329 828 311 828 306 826 289 820 287 820 286 820 227 825 214 825 211 824 190 818 189 818 187 818 186 818 168 823 164 824 154 823 97 815 96 815 67 820 67 858"/></Shape>
	    <String CONTENT="pour lentretenement de la chose pu¬"
                    HPOS="66"
                    VPOS="815"
                    WIDTH="634"
                    HEIGHT="69"></String>
          </TextLine>

          
          
          <TextLine ID="eSc_line_528b9d6b"
                    TAGREFS="LT427"
                    BASELINE="65 903 698 921" 
                    HPOS="64"
                    VPOS="860"
                    WIDTH="634"
                    HEIGHT="75">
            <Shape><Polygon POINTS="486 870 463 873 447 877 428 873 402 867 399 867 375 872 362 875 358 872 350 866 349 866 348 866 347 866 345 866 328 871 318 873 294 871 242 863 238 863 227 863 212 868 207 870 151 870 144 867 112 860 102 860 98 860 71 863 65 870 65 903 64 916 105 910 139 919 148 921 149 921 150 921 160 920 191 913 249 921 279 925 280 925 297 921 317 918 331 923 342 926 343 926 344 926 345 926 357 923 368 919 373 923 376 926 376 928 378 928 379 928 380 928 381 928 383 928 389 924 395 920 437 920 442 924 448 929 448 930 449 930 450 930 486 931 488 931 489 931 490 931 499 925 501 924 520 925 612 935 614 935 615 935 630 928 631 926 695 928 698 921 696 879 636 882 628 877 625 875 623 875 622 875 621 875 606 877 586 881 572 876 559 872 558 872 557 872 555 872 543 876 530 879 511 875 488 870 486 870"/></Shape>
	    <String CONTENT="blicque: lesquelz sans finesse, sans"
                    HPOS="64"
                    VPOS="860"
                    WIDTH="634"
                    HEIGHT="75"></String>
          </TextLine>

          
          
          <TextLine ID="eSc_line_c3904e62"
                    TAGREFS="LT427"
                    BASELINE="65 952 698 967" 
                    HPOS="64"
                    VPOS="908"
                    WIDTH="634"
                    HEIGHT="68">
            <Shape><Polygon POINTS="695 921 683 921 670 921 658 921 649 920 625 920 623 920 622 920 594 928 570 921 569 921 568 921 542 926 532 919 532 918 531 918 530 918 528 918 513 918 434 924 421 916 417 915 416 915 415 915 391 916 331 921 321 915 320 915 318 915 317 915 295 915 202 918 187 914 171 909 170 909 169 909 168 909 156 914 148 916 134 913 111 908 109 908 65 912 65 952 64 958 695 976 698 967 698 921 695 921"/></Shape>
	    <String CONTENT="fraude, ou cautelle ayant a distri¬"
                    HPOS="64"
                    VPOS="908"
                    WIDTH="634"
                    HEIGHT="68"></String>
          </TextLine>

          
          
          <TextLine ID="eSc_line_2bc41bfb"
                    TAGREFS="LT427"
                    BASELINE="61 995 694 1013" 
                    HPOS="60"
                    VPOS="955"
                    WIDTH="634"
                    HEIGHT="70">
            <Shape><Polygon POINTS="61 983 61 995 60 1005 139 1005 143 1007 150 1012 151 1012 153 1012 154 1012 206 1008 227 1007 231 1008 239 1014 240 1014 242 1014 243 1014 244 1014 263 1009 269 1008 275 1009 298 1015 300 1015 301 1015 302 1015 316 1010 320 1009 324 1010 339 1016 341 1016 342 1016 374 1012 375 1012 379 1012 422 1019 423 1019 452 1013 454 1013 455 1013 465 1020 467 1020 468 1020 469 1020 495 1015 544 1021 546 1021 547 1021 548 1021 558 1015 564 1015 649 1025 651 1025 693 1018 694 1013 691 971 665 978 651 970 649 970 648 970 647 970 642 970 604 977 570 970 565 968 564 968 563 968 560 970 546 974 511 968 494 966 492 966 491 966 486 968 475 973 436 972 429 967 425 963 423 963 422 963 421 963 400 967 380 971 353 967 316 961 315 961 285 966 284 966 282 966 268 960 266 960 265 960 264 960 248 966 243 967 239 966 231 960 229 960 228 960 227 960 202 965 196 966 181 965 79 955 77 955 76 955 75 955 72 956 61 983"/></Shape>
	    <String CONTENT="buer, commuer, changer, conser¬"
                    HPOS="60"
                    VPOS="955"
                    WIDTH="634"
                    HEIGHT="70"></String>
          </TextLine>

          
          
          <TextLine ID="eSc_line_43488e63"
                    TAGREFS="LT427"
                    BASELINE="61 1041 693 1060" 
                    HPOS="60"
                    VPOS="998"
                    WIDTH="633"
                    HEIGHT="75">
            <Shape><Polygon POINTS="61 1041 60 1051 145 1058 147 1058 148 1058 164 1053 171 1052 177 1055 192 1060 193 1060 195 1060 218 1055 228 1053 242 1056 271 1062 273 1062 274 1062 275 1062 284 1057 285 1056 292 1057 322 1062 323 1062 324 1062 339 1058 344 1057 354 1058 397 1066 399 1066 425 1060 428 1060 433 1061 469 1067 470 1067 516 1062 521 1062 522 1062 528 1068 528 1070 530 1070 531 1070 565 1071 567 1071 605 1065 606 1065 609 1065 654 1073 656 1073 691 1066 693 1060 691 1015 653 1024 614 1014 610 1013 609 1013 607 1013 606 1013 602 1014 575 1021 563 1013 562 1013 560 1013 559 1013 558 1013 539 1020 512 1012 506 1010 505 1010 504 1010 492 1012 464 1016 450 1012 442 1008 441 1008 439 1008 425 1010 399 1016 332 1009 273 1003 271 1003 270 1003 254 1008 243 1012 197 1012 195 1007 191 1003 190 1003 190 1002 189 1002 187 1002 186 1002 134 1007 112 1008 105 1005 82 998 81 998 80 998 79 998 61 1003 61 1041"/></Shape>
	    <String CONTENT="uer, ⁊ transporter, plusieurs sortes"
                    HPOS="60"
                    VPOS="998"
                    WIDTH="633"
                    HEIGHT="75"></String>
          </TextLine>

          
          
          <TextLine ID="eSc_line_36a5e259"
                    TAGREFS="LT427"
                    BASELINE="60 1088 689 1107" 
                    HPOS="59"
                    VPOS="1047"
                    WIDTH="630"
                    HEIGHT="72">
            <Shape><Polygon POINTS="60 1088 59 1092 170 1095 174 1098 198 1105 200 1105 201 1105 277 1102 291 1102 294 1103 310 1109 311 1109 312 1110 312 1109 313 1109 326 1104 332 1102 345 1105 365 1109 366 1109 368 1109 374 1107 380 1103 385 1107 392 1111 394 1111 395 1111 396 1111 416 1108 433 1104 458 1109 479 1114 480 1114 495 1111 516 1107 533 1113 539 1115 541 1115 542 1115 543 1115 551 1114 567 1109 573 1114 574 1116 575 1116 576 1116 578 1116 586 1115 602 1111 609 1116 610 1118 611 1118 612 1118 614 1118 615 1118 620 1116 647 1110 686 1119 689 1107 689 1071 648 1062 647 1062 615 1067 607 1068 527 1067 523 1065 515 1058 513 1058 512 1058 511 1058 510 1058 509 1058 502 1063 500 1065 492 1063 470 1057 469 1057 468 1057 427 1061 406 1062 401 1060 396 1055 395 1055 394 1055 392 1055 370 1058 355 1061 336 1057 312 1052 311 1052 271 1055 231 1057 227 1053 226 1051 224 1051 224 1050 223 1050 222 1050 221 1050 192 1052 149 1055 60 1047 60 1088"/></Shape>
	    <String CONTENT="de marchandises dun lieu en autre,"
                    HPOS="59"
                    VPOS="1047"
                    WIDTH="630"
                    HEIGHT="72"></String>
          </TextLine>

          
          
          <TextLine ID="eSc_line_e0b6baa8"
                    TAGREFS="LT427"
                    BASELINE="60 1135 688 1151" 
                    HPOS="59"
                    VPOS="1091"
                    WIDTH="629"
                    HEIGHT="74">
            <Shape><Polygon POINTS="665 1107 656 1107 631 1111 621 1113 606 1110 569 1105 568 1105 517 1109 499 1110 491 1109 473 1103 471 1103 470 1103 416 1108 404 1108 400 1107 378 1098 376 1098 375 1098 264 1104 259 1104 238 1094 237 1094 235 1094 135 1099 108 1091 107 1091 76 1091 75 1091 74 1091 72 1091 60 1098 60 1135 59 1147 105 1142 122 1150 124 1151 126 1151 127 1151 128 1151 132 1150 156 1144 192 1151 206 1153 207 1153 234 1152 298 1147 307 1153 311 1156 312 1156 313 1156 315 1156 327 1153 349 1149 380 1155 405 1158 406 1158 407 1158 417 1155 427 1151 436 1155 444 1160 446 1160 447 1160 469 1156 486 1152 490 1156 495 1160 495 1161 496 1161 497 1161 499 1161 532 1156 549 1155 612 1155 620 1158 638 1165 640 1165 641 1165 686 1158 688 1151 688 1111 669 1107 665 1107"/></Shape>
	    <String CONTENT="selon lexigence du temps, ⁊ necessi¬"
                    HPOS="59"
                    VPOS="1091"
                    WIDTH="629"
                    HEIGHT="74"></String>
          </TextLine>

          
          
          <TextLine ID="eSc_line_68666c46"
                    TAGREFS="LT427"
                    BASELINE="58 1181 688 1197" 
                    HPOS="56"
                    VPOS="1139"
                    WIDTH="632"
                    HEIGHT="77">
            <Shape><Polygon POINTS="58 1181 56 1189 72 1197 74 1197 75 1197 76 1197 77 1197 85 1190 134 1190 137 1190 137 1192 166 1205 168 1205 169 1205 170 1205 186 1197 200 1208 201 1208 202 1208 265 1209 266 1209 268 1209 269 1209 269 1208 280 1197 295 1197 320 1197 323 1198 359 1211 360 1211 362 1211 401 1204 423 1213 425 1213 426 1213 427 1213 428 1213 441 1202 443 1199 454 1203 490 1214 491 1214 492 1214 494 1214 509 1208 522 1214 523 1214 525 1214 526 1214 527 1214 537 1205 542 1202 549 1205 570 1216 572 1216 573 1216 574 1216 575 1216 575 1215 585 1207 590 1203 605 1208 614 1210 615 1210 616 1210 627 1209 643 1205 648 1209 654 1215 654 1216 656 1216 657 1216 658 1216 686 1210 688 1197 688 1163 654 1156 653 1156 606 1160 593 1151 591 1151 590 1151 589 1151 494 1157 475 1149 474 1149 473 1149 471 1149 457 1155 438 1147 437 1147 436 1147 400 1155 395 1149 394 1149 394 1147 392 1147 391 1147 390 1147 334 1152 300 1144 298 1144 297 1144 203 1150 181 1142 180 1142 179 1142 177 1142 153 1149 90 1139 88 1139 87 1139 58 1146 58 1181"/></Shape>
	    <String CONTENT="te du peuple. Ausquelz loyaulx mar"
                    HPOS="56"
                    VPOS="1139"
                    WIDTH="632"
                    HEIGHT="77"></String>
          </TextLine>

          
        </TextBlock>
        
        <TextBlock HPOS="405"
                   VPOS="1204"
                   WIDTH="291"
                   HEIGHT="51"
                   ID="eSc_textblock_a11974a8"
                   TAGREFS="BT1182">
          <Shape><Polygon POINTS="405 1255 405 1204 696 1204 696 1255"/></Shape>
          
          
          <TextLine ID="eSc_line_62b263ca"
                    TAGREFS="LT427"
                    BASELINE="427 1241 685 1242" 
                    HPOS="426"
                    VPOS="1198"
                    WIDTH="259"
                    HEIGHT="63">
            <Shape><Polygon POINTS="427 1241 426 1258 467 1253 573 1253 585 1257 597 1261 599 1261 600 1261 684 1255 685 1242 683 1200 643 1208 611 1200 595 1198 594 1198 593 1198 591 1198 586 1202 569 1213 516 1205 515 1205 513 1205 500 1211 476 1203 462 1198 460 1198 459 1198 427 1203 427 1241"/></Shape>
	    <String CONTENT="A 2 chans"
                    HPOS="426"
                    VPOS="1198"
                    WIDTH="259"
                    HEIGHT="63"></String>
          </TextLine>

          
        </TextBlock>
        
        <TextBlock HPOS="755"
                   VPOS="41"
                   WIDTH="74"
                   HEIGHT="68"
                   ID="eSc_textblock_fcc91ec9"
                   TAGREFS="BT1181">
          <Shape><Polygon POINTS="755 41 755 109 829 109 829 41"/></Shape>
          
        </TextBlock>
        

        
      </PrintSpace>
    </Page>
  </Layout>
</alto>
