918 1481
169 78 627 68 chans est bien licite, cõe a bons ⁊ fi¬

169 124 627 69 deles seruiteurs de la chose commu¬

171 170 620 66 ne, moderemẽt gaigner ⁊ proffiter,

171 213 630 74 sur leur marchandise poͬ lentretene

172 262 632 63 ment de leur estat, de leur personne

176 306 628 71 ⁊ famille: mais qui marchandent en

172 351 637 78 toute loyaulte, sans circonuention ⁊

179 398 631 70 dõmage de leur prochain, sans trõ¬

180 445 629 72 perie ou aucune deception: car si en

181 491 635 73 eulx nest trouuee fidelite, ⁊ entiere

186 538 629 69 uerite, ilz ne sont pas marchans:

187 587 629 69 mais plus tost affectez larrons, ⁊

187 640 350 58 cauteleux galandz.

238 673 582 74 Par similitude de cest estat, Ie¬

192 721 627 75 sus Christ a apprins, ⁊ enseigne les

192 768 630 73 siens, de multiplier, accroistre, ⁊ fai¬

193 814 627 65 re ꝓffiter les talentz ⁊ dõs de dieu,

193 862 627 67 lesquelz sont a un chascũ distribuez,

195 908 627 73 selon sa bõne uolunte: disant ainsi.

189 956 637 67 Marchandez ⁊ proffitez iusque a ce

200 1008 625 64 que ie uienne, ⁊ a son retour, a puny

198 1046 624 73 le paresseux ⁊ mauuais seruiteur qͥ

202 1093 625 67 na point faict son deuoir de appor¬

203 1141 626 78 ter fruit du don quil auoit receu,

44 378 129 61 1.Tes.4

63 977 123 49 Luc.19

690 1186 141 66 dõnant
