1054 1664
313 103 287 56 de la Dedicace.

119 150 613 60 Est un tel lieu. Cest une uray spelonque

119 198 635 54 De gros larrõs/ si au mõde en fut oncque.

117 240 562 53 Et si tu ueulx bien entendre qui sont

117 281 649 55 Ces gros larrons. Ce sont ceulx qui y font

112 322 659 49 A tes despens tous les iours tant de mines/

114 363 629 53 Et plus que toy se uantent estre dignes.

114 403 658 51 Mẽtendz tu bien? Or oy/ ce sont les p̃bstres

115 443 655 52 Qui en tout lieu ueulent estre les maistres.

154 483 615 54 Que si ces dieux me uouloyẽt cõtredire

115 526 653 52 Quilz soyẽt larrõs: lors ie uoudrois leͬ dire

116 566 587 55 Ne seroit pas larron bien approuue/

114 606 611 54 Un malheureux que lon auroit trouue

113 648 656 54 Uendant bien cher ce qui ne seroit pas sien/

112 690 635 51 Mais qui seroit de tous le commun bien?

115 730 585 53 Oy/ il nest hõme (ou il sent sa iument)

113 770 583 54 Qui en uoulsist faire autre iugement.

115 811 615 53 Or maintenant/ uous/ prestres appelez/

118 851 566 54 Qui iusque a un trestous estes pelez

113 892 648 50 Faictes ainsi/ uous uẽdez leurs urays biẽs

113 934 656 54 A tous Chrestiens: sans argẽt ilz nont riẽs/

114 974 648 54 Concluez donc/ estes uous pas larrons?

114 1015 653 50 Mais pour certain/ trop mal uoꝰ rẽbarrõs

113 1058 658 53 En uous disant/ que gros larrõs uoꝰ estes.

113 1098 632 53 Cest trop peu dict/ uous estes de ces bestes

115 1137 656 56 Que Iesus Christ nomme rauissãs loups/

119 1181 653 52 Pour en un mot uous bien blasonner tous.

115 1222 530 65 Uostre moustier/ une droicte forest

115 1265 400 75 Et a este iadis/ ⁊ encore est.

573 1301 209 84 A 3 Oy/
