1053 1657
475 97 254 61 Sermon

276 150 645 58 Oy/ mais comment? elle est plus dãgereuse

276 193 601 55 Cent mille foys/ ⁊ trop plus perilleuse

274 236 632 53 Quautre forest que ie congneusses onc/

277 276 655 55 Combiẽ quelle eust/ ou de large ou de long/

274 317 509 53 Et la raison y est bien apparente.

279 358 621 56 On scayt assez/ que une personne gente/

278 398 515 53 Qui passer a par une grand forest

277 440 531 53 Naura iamais fascherie ou arrest/

279 478 580 55 Si tant soit peu elle est accompaignee/

273 520 641 56 Car les malins/ qui sont la uray meignee

276 559 651 58 Du grand Sathan/ ne destrousserõt point

270 602 663 57 Ceulx quilz uerrõt en troupe/ cest un poĩct:

273 642 661 54 Mais uoꝰ Caphardz/ uoꝰ estes dautre sorte

269 684 662 57 Et trop plus fins/ cest hõneur ie uoꝰ porte:

269 725 659 57 Car un de uous/ destroussera mil hommes/

269 765 650 57 Uoire cẽt mil/ ⁊ deulx aura grãdz sommes

269 806 627 58 En plein midy/ sans que iamais sestonne

270 846 587 59 En sa forest. Et ce une main bretonne?

271 888 580 54 Oy/ sil en est: elle a tousiours sa proye

269 929 634 57 (Ie pry celuy quil la ueu/ quil me croye)

267 969 645 60 Et dautant plus que croist la compaignie/

268 1009 573 58 Dautant sera plus grand la pillerie:

269 1053 583 56 Homme nya ⁊ feust il du tout chauue/

267 1093 566 58 Qui de la main de ce prestre se sauue.

262 1133 545 56 Et oultreplus/ es forest de ce monde

266 1176 656 58 On pert les biens/ on pert le corps immõde:

257 1217 666 59 Et puis cest tout: mais aux lieux q̃ ie blasme

260 1256 653 90 On pert les biens/ on pert le corps/ ⁊ lame.

848 1303 76 68 On
