1049 1653
294 99 303 69 de la Dedicace.

113 153 579 61 On y pert tout/ ⁊ sans y riens gaigner:

106 199 574 53 Cela me fait ces moust iers dedaigner.

95 237 683 62 Mais poͬsuyuõs espluschãs ces raisõs/

106 284 596 53 Pourquoy ce fut que ces belles maisons

103 323 615 57 En bon francoys/ terribles furent dictes.

101 364 616 55 Escoutez donc/ o Chrestiens/ ⁊ me dictes:

106 404 593 51 Nest pas ce lieu malheureux ⁊ terrible/

109 442 564 53 Ou ce prestrail se mocque de la bible?

104 482 633 57 Quãd toꝰ les iours/ ⁊ deuãt tout le mõde

105 524 591 52 (Qui doibt iuger ce bestiail immonde)

110 563 552 52 Il la uous lit/ il la porte/ il la baise:

102 605 607 55 Et uous luy fait des mines plus q̃ seize:

103 646 629 51 Couurir la font de ueloux/ dargent/ dor/

107 687 651 58 Poͬ la Toussaĩctz/ les Roys/ Callimador/

104 730 488 54 Et cetera/ chascun en son degre/

101 772 660 54 Cuydans que Dieu leur en scaura bon gre.

102 811 662 54 En leur autel tant doulcemẽt la touchent:

110 852 645 57 Sus un carreau triumphant il la couchẽt:

105 892 641 58 Quand on la lit/ trestous debout ilz sont:

105 934 643 58 Et en ce poinct tous la court uoꝰ luy font.

109 976 577 58 Uous iureriez par S. Luc/ ⁊ S. Gile/

107 1015 659 61 Quilz naymẽt tous riens tant q̃ Leuãgile:

108 1058 640 58 Mais Dieu cõgnoist q̃ ce ne sont q̃ mines:

105 1101 608 55 Et trop souuent le declarent par signes.

106 1142 585 55 Car sil aduient que lon tienne propos

111 1184 632 55 De Leuãgil: soubdain tous ces suppostz

107 1224 583 55 Samasseront/ ⁊ seront aux escoutes/

108 1260 664 78 En sefforceãt des maĩs/ des piedz/ des coutes

580 1302 189 62 A 4 De
