<?xml version="1.0" encoding="UTF-8"?>
<alto xmlns:xsi="http://www.w3.org/2001/XMLSchema-instance"
      xmlns="http://www.loc.gov/standards/alto/ns-v4#"
      xsi:schemaLocation="http://www.loc.gov/standards/alto/ns-v4# http://www.loc.gov/standards/alto/v4/alto-4-2.xsd">
  <Description>
    <MeasurementUnit>pixel</MeasurementUnit>
    <sourceImageInformation>
      <fileName>13_ef1d0_default.jpg</fileName>
      <fileIdentifier>https://iiif.onb.ac.at/images/ABO/Z155805804/00000014/full/full/0/default.jpg</fileIdentifier>
    </sourceImageInformation>
  </Description>
  <Tags>
    <OtherTag ID="BT7" LABEL="CustomZone" DESCRIPTION="block type CustomZone"/><OtherTag ID="BT8" LABEL="DamageZone" DESCRIPTION="block type DamageZone"/><OtherTag ID="BT9" LABEL="DigitizationArtefactZone" DESCRIPTION="block type DigitizationArtefactZone"/><OtherTag ID="BT10" LABEL="DropCapitalZone" DESCRIPTION="block type DropCapitalZone"/><OtherTag ID="BT11" LABEL="GraphicZone" DESCRIPTION="block type GraphicZone"/><OtherTag ID="BT12" LABEL="MainZone" DESCRIPTION="block type MainZone"/><OtherTag ID="BT13" LABEL="MarginTextZone" DESCRIPTION="block type MarginTextZone"/><OtherTag ID="BT14" LABEL="MusicZone" DESCRIPTION="block type MusicZone"/><OtherTag ID="BT15" LABEL="NumberingZone" DESCRIPTION="block type NumberingZone"/><OtherTag ID="BT17" LABEL="QuireMarksZone" DESCRIPTION="block type QuireMarksZone"/><OtherTag ID="BT18" LABEL="RunningTitleZone" DESCRIPTION="block type RunningTitleZone"/><OtherTag ID="BT19" LABEL="SealZone" DESCRIPTION="block type SealZone"/><OtherTag ID="BT20" LABEL="StampZone" DESCRIPTION="block type StampZone"/><OtherTag ID="BT21" LABEL="TableZone" DESCRIPTION="block type TableZone"/><OtherTag ID="BT22" LABEL="TitlePageZone" DESCRIPTION="block type TitlePageZone"/>
    <OtherTag ID="LT7" LABEL="CustomLine" DESCRIPTION="line type CustomLine"/><OtherTag ID="LT8" LABEL="DefaultLine" DESCRIPTION="line type DefaultLine"/><OtherTag ID="LT9" LABEL="DropCapitalLine" DESCRIPTION="line type DropCapitalLine"/><OtherTag ID="LT10" LABEL="HeadingLine" DESCRIPTION="line type HeadingLine"/><OtherTag ID="LT11" LABEL="InterlinearLine" DESCRIPTION="line type InterlinearLine"/><OtherTag ID="LT12" LABEL="MusicLine" DESCRIPTION="line type MusicLine"/><OtherTag ID="LT1255" LABEL="default" DESCRIPTION="line type default"/>
  </Tags>
  <Layout>
    <Page WIDTH="1036"
          HEIGHT="1653"
          PHYSICAL_IMG_NR="13"
          ID="eSc_dummypage_">
      <PrintSpace HPOS="0"
                  VPOS="0"
                  WIDTH="1036"
                  HEIGHT="1653">
        <TextBlock HPOS="439"
                   VPOS="101"
                   WIDTH="256"
                   HEIGHT="68"
                   ID="eSc_textblock_927bfdf9"
                   TAGREFS="BT18">
          <Shape><Polygon POINTS="439 101 439 169 695 169 695 101"/></Shape>
          <TextLine ID="eSc_line_5be0c8f5"
                    TAGREFS="LT10"
                    BASELINE="473 152 644 150" 
                    HPOS="472"
                    VPOS="106"
                    WIDTH="172"
                    HEIGHT="55">
            <Shape><Polygon POINTS="625 112 619 112 610 112 601 112 592 111 583 111 577 110 574 114 551 114 543 108 537 108 528 108 518 107 509 107 500 107 491 106 482 106 472 108 473 152 473 159 643 161 644 150 642 116 640 113"/></Shape>
            <String CONTENT="Sermon"
                    HPOS="472"
                    VPOS="106"
                    WIDTH="172"
                    HEIGHT="55"
                    WC="0.9558711349964142"></String>
          </TextLine>
        </TextBlock>
        <TextBlock HPOS="251"
                   VPOS="160"
                   WIDTH="713"
                   HEIGHT="1165"
                   ID="eSc_textblock_82a7b416"
                   TAGREFS="BT12">
          <Shape><Polygon POINTS="251 160 251 1325 964 1325 964 160"/></Shape>
          <TextLine ID="eSc_line_bebd4f0c"
                    TAGREFS="LT8"
                    BASELINE="270 205 549 201 930 202" 
                    HPOS="269"
                    VPOS="155"
                    WIDTH="661"
                    HEIGHT="70">
            <Shape><Polygon POINTS="912 174 902 173 893 173 884 172 875 172 866 171 856 170 847 170 838 169 829 169 820 168 741 168 733 163 728 163 719 162 709 162 700 161 694 168 669 157 668 157 667 157 666 157 665 157 646 169 629 169 602 155 601 155 600 155 599 155 581 159 571 155 570 155 569 155 502 159 416 157 416 157 406 157 397 157 388 157 382 157 378 161 373 157 370 158 360 158 351 158 342 158 326 169 293 162 292 162 269 166 270 205 271 225 282 216 325 210 361 215 362 215 408 209 475 216 476 216 511 208 517 213 518 213 518 213 519 213 520 213 521 213 528 207 549 219 550 219 551 219 551 219 563 213 572 218 573 218 574 218 574 218 597 207 627 207 642 216 643 216 644 216 645 216 646 216 664 210 677 217 678 217 679 217 707 213 727 218 728 218 729 218 730 218 753 206 765 211 765 211 766 211 802 206 827 223 828 223 829 223 830 223 929 222 930 202 914 174 912 174"/></Shape>
            <String CONTENT="De recueillir des ꝓpos dun paoure homme"
                    HPOS="269"
                    VPOS="155"
                    WIDTH="661"
                    HEIGHT="70"
                    WC="0.9845581864699339"></String>
          </TextLine>
          <TextLine ID="eSc_line_e676e64f"
                    TAGREFS="LT8"
                    BASELINE="271 246 835 239" 
                    HPOS="270"
                    VPOS="202"
                    WIDTH="565"
                    HEIGHT="56">
            <Shape><Polygon POINTS="750 202 730 212 709 204 708 204 707 204 679 210 666 204 665 204 664 204 664 204 663 204 663 205 657 210 614 202 613 202 612 202 580 213 564 207 563 207 563 207 562 207 548 214 497 214 434 204 433 204 366 205 365 205 343 217 320 217 300 206 299 206 298 206 297 206 270 217 271 246 271 258 299 255 334 258 335 258 336 258 357 250 427 250 439 257 439 257 440 257 441 257 442 257 442 256 450 249 479 254 480 254 531 248 540 256 541 256 542 256 543 256 575 250 591 256 592 256 593 256 594 256 621 248 632 254 633 254 634 254 693 247 721 254 722 254 723 254 765 247 793 253 794 253 834 245 835 239 833 212 769 212 756 202 750 202"/></Shape>
            <String CONTENT="Un certain mot que lidole de Rome"
                    HPOS="270"
                    VPOS="202"
                    WIDTH="565"
                    HEIGHT="56"
                    WC="0.9957808906381781"></String>
          </TextLine>
          <TextLine ID="eSc_line_5f557fca"
                    TAGREFS="LT8"
                    BASELINE="274 286 922 282" 
                    HPOS="273"
                    VPOS="240"
                    WIDTH="649"
                    HEIGHT="59">
            <Shape><Polygon POINTS="833 240 832 240 831 240 830 240 830 241 822 247 816 244 815 244 814 244 813 244 796 252 767 240 766 240 765 240 720 248 709 242 708 242 668 242 659 242 655 242 654 242 653 242 629 252 607 247 606 247 605 247 604 247 603 247 603 247 596 254 569 245 568 245 567 245 566 245 565 245 551 255 441 255 428 245 420 245 417 245 382 249 348 245 347 246 337 246 327 255 301 247 300 247 299 247 298 247 273 256 274 286 274 299 329 294 363 299 364 299 365 299 378 292 436 292 458 292 465 297 465 298 466 298 467 298 468 298 469 298 484 292 526 292 543 298 544 298 545 298 546 298 547 298 557 292 608 291 659 291 665 297 666 297 667 297 668 297 727 292 734 297 735 297 736 297 737 297 786 296 818 290 921 295 922 282 918 244 895 251 879 240 878 240 878 240 833 240 833 240"/></Shape>
            <String CONTENT="Napprouue pas: pourtant qͥuil est cõtraire"
                    HPOS="273"
                    VPOS="240"
                    WIDTH="649"
                    HEIGHT="59"
                    ></String>
          </TextLine>
          <TextLine ID="eSc_line_b3dd513a"
                    TAGREFS="LT8"
                    BASELINE="273 326 904 323" 
                    HPOS="272"
                    VPOS="287"
                    WIDTH="632"
                    HEIGHT="52">
            <Shape><Polygon POINTS="273 326 273 335 320 339 321 339 351 333 427 337 428 337 429 337 430 337 430 337 431 337 434 332 490 332 498 338 499 338 500 338 501 338 544 333 587 338 588 338 765 330 809 337 810 337 810 337 833 330 843 337 844 337 844 337 845 337 867 337 867 337 868 337 869 337 876 330 903 329 904 323 902 296 789 287 788 287 788 287 763 294 733 288 732 288 731 288 731 288 720 296 683 289 682 289 681 289 680 289 667 297 647 297 635 288 634 288 633 288 632 288 610 292 588 288 587 288 586 288 553 297 445 297 432 289 431 289 430 289 429 289 393 293 353 290 352 290 351 290 338 297 326 290 326 290 325 290 324 290 297 291 296 291 272 299 273 326"/></Shape>
            <String CONTENT="A ses canons/ qui taschent nous distraire"
                    HPOS="272"
                    VPOS="287"
                    WIDTH="632"
                    HEIGHT="52"
                    WC="0.9942623289620004"></String>
          </TextLine>
          <TextLine ID="eSc_line_d594e700"
                    TAGREFS="LT8"
                    BASELINE="277 368 823 362" 
                    HPOS="276"
                    VPOS="324"
                    WIDTH="547"
                    HEIGHT="58">
            <Shape><Polygon POINTS="775 324 774 324 747 324 744 325 735 325 732 325 692 326 691 326 690 326 678 336 648 327 647 327 646 327 645 327 625 337 574 332 574 332 547 338 507 338 496 327 496 326 495 326 495 326 494 326 440 327 439 327 439 327 426 338 410 339 367 339 357 329 357 328 356 328 355 328 333 328 332 328 331 328 330 328 319 337 313 331 313 330 312 330 311 330 276 329 277 368 277 378 407 374 458 382 459 382 460 382 476 373 512 373 519 380 519 381 520 381 521 381 522 382 550 382 550 381 610 373 628 380 629 380 630 380 630 380 631 380 631 379 637 374 669 377 670 377 671 377 672 377 676 372 698 379 698 379 699 379 737 371 795 378 796 378 797 378 798 378 798 377 805 370 823 369 823 362 821 334 802 334 776 324 775 324"/></Shape>
            <String CONTENT="De Leuangile/ ⁊ puis lont ilz ouy/"
                    HPOS="276"
                    VPOS="324"
                    WIDTH="547"
                    HEIGHT="58"
                    WC="0.9866795978125404"></String>
          </TextLine>
          <TextLine ID="eSc_line_b19af1f9"
                    TAGREFS="LT8"
                    BASELINE="281 410 454 405 932 407" 
                    HPOS="281"
                    VPOS="363"
                    WIDTH="651"
                    HEIGHT="57">
            <Shape><Polygon POINTS="814 363 813 363 812 363 787 374 767 365 766 365 708 365 707 365 706 365 705 365 698 371 689 365 688 365 687 365 686 365 653 367 653 367 633 377 441 377 426 367 425 367 424 367 423 367 422 367 421 367 416 371 409 367 408 367 399 367 390 367 384 367 345 371 341 368 335 368 326 368 317 368 281 376 281 410 281 420 349 420 349 419 349 419 350 419 356 415 383 419 384 419 385 419 386 419 394 413 515 418 516 418 517 418 535 413 590 413 599 419 600 419 601 419 602 419 640 413 709 413 718 419 719 419 720 419 720 419 749 413 784 419 785 419 786 419 800 414 853 418 854 418 855 418 873 413 930 419 932 407 931 363 822 363 814 363"/></Shape>
            <String CONTENT="Ilz sen courront/ a leurs dieux/ disantz ouy"
                    HPOS="281"
                    VPOS="363"
                    WIDTH="651"
                    HEIGHT="57"
                    WC="0.9910388114777479"></String>
          </TextLine>
          <TextLine ID="eSc_line_5c05e27d"
                    TAGREFS="LT8"
                    BASELINE="281 448 819 445" 
                    HPOS="280"
                    VPOS="407"
                    WIDTH="539"
                    HEIGHT="54">
            <Shape><Polygon POINTS="715 407 714 407 711 407 702 407 693 407 674 407 673 407 672 407 671 407 671 408 663 416 641 417 631 409 631 408 630 408 630 408 629 408 628 408 608 415 598 409 597 409 596 409 596 409 595 409 583 414 558 408 557 408 556 408 555 408 543 417 518 418 500 408 499 408 473 408 472 408 472 408 471 408 458 418 448 410 448 409 447 409 446 409 414 409 413 409 412 409 388 418 363 409 362 409 361 409 360 409 337 415 309 410 308 410 307 410 306 410 294 420 280 420 281 448 281 461 349 461 350 461 351 461 352 461 360 455 389 461 390 461 455 455 471 461 472 461 472 461 520 461 520 461 521 461 543 454 576 461 577 461 620 454 636 461 637 461 638 461 639 461 661 453 674 458 675 458 675 458 733 453 763 460 764 460 765 460 765 460 765 459 770 454 818 452 819 445 815 409 799 417 762 413 761 413 728 417 716 407 715 407"/></Shape>
            <String CONTENT="Cest un Luther/ il est digne de mort"
                    HPOS="280"
                    VPOS="407"
                    WIDTH="539"
                    HEIGHT="54"
                    WC="0.9999803586138619"></String>
          </TextLine>
          <TextLine ID="eSc_line_38125645"
                    TAGREFS="LT8"
                    BASELINE="280 490 885 487" 
                    HPOS="279"
                    VPOS="447"
                    WIDTH="606"
                    HEIGHT="65">
            <Shape><Polygon POINTS="280 490 281 506 327 494 345 500 346 500 347 500 348 500 359 494 450 494 460 504 460 505 461 505 461 505 462 505 480 503 487 508 488 508 489 508 490 508 491 508 520 495 528 502 528 503 529 503 529 503 530 503 558 501 570 506 571 506 572 506 573 506 617 494 653 506 653 506 654 506 655 506 695 494 713 498 714 498 715 498 748 495 766 511 767 511 768 511 769 512 884 512 885 487 882 447 790 448 752 454 743 447 742 447 741 447 709 447 709 447 708 447 707 447 697 456 683 450 682 450 681 450 680 450 679 450 679 451 671 458 612 452 611 452 610 452 609 452 603 458 590 453 589 453 588 453 587 453 586 453 581 459 544 459 530 451 529 451 529 451 528 451 527 451 518 458 471 454 470 454 469 454 468 454 462 459 443 449 442 449 441 449 440 449 410 459 370 452 369 452 337 459 317 450 316 450 315 450 315 450 279 460 280 490"/></Shape>
            <String CONTENT="Et a leur uoix/ uoyla un homme mort/"
                    HPOS="279"
                    VPOS="447"
                    WIDTH="606"
                    HEIGHT="65"
                    WC="0.9872795028818978"></String>
          </TextLine>
          <TextLine ID="eSc_line_4f2815b0"
                    TAGREFS="LT8"
                    BASELINE="280 531 754 527" 
                    HPOS="279"
                    VPOS="488"
                    WIDTH="475"
                    HEIGHT="58">
            <Shape><Polygon POINTS="692 488 686 488 656 498 618 498 608 492 608 492 607 492 606 492 605 492 581 499 486 499 462 498 455 491 455 490 454 490 453 490 452 490 346 494 304 491 304 491 303 491 279 501 280 531 280 539 330 539 346 546 347 546 348 546 349 546 349 546 360 538 377 545 378 545 379 545 380 545 396 538 416 545 416 545 417 545 418 545 419 545 428 537 497 536 563 544 564 544 594 539 626 543 627 543 628 543 629 543 629 542 634 537 650 543 651 543 652 543 705 542 706 542 707 542 715 536 754 533 754 527 753 491 743 489 742 489 741 489 740 489 740 490 731 497 694 488 692 488"/></Shape>
            <String CONTENT="Qui a ose Leuangile prescher/"
                    HPOS="279"
                    VPOS="488"
                    WIDTH="475"
                    HEIGHT="58"
                    WC="0.995179768266349"></String>
          </TextLine>
          <TextLine ID="eSc_line_b282bf84"
                    TAGREFS="LT8"
                    BASELINE="284 572 936 570" 
                    HPOS="283"
                    VPOS="524"
                    WIDTH="653"
                    HEIGHT="74">
            <Shape><Polygon POINTS="927 527 921 524 920 524 752 524 752 528 743 528 733 528 725 528 695 538 594 534 593 534 529 539 514 533 513 533 512 533 480 539 448 531 447 531 416 539 396 530 395 530 394 530 394 530 378 538 310 533 309 533 308 533 283 539 284 572 284 584 330 590 331 590 332 590 357 579 450 579 474 588 475 588 476 588 477 588 478 588 486 582 495 589 496 589 497 589 498 589 542 579 566 587 567 587 568 587 569 587 582 584 597 592 598 592 599 592 624 591 625 591 626 591 646 578 670 588 671 588 672 588 673 588 699 578 746 578 784 597 785 597 786 598 924 598 924 597 925 597 926 597 936 590 936 570 935 537 927 527"/></Shape>
            <String CONTENT="Que ces Caphardz sẽbloyent tenir tãt cher."
                    HPOS="283"
                    VPOS="524"
                    WIDTH="653"
                    HEIGHT="74"
                    ></String>
          </TextLine>
          <TextLine ID="eSc_line_42aac7c1"
                    TAGREFS="LT10"
                    BASELINE="368 614 800 611" 
                    HPOS="367"
                    VPOS="573"
                    WIDTH="433"
                    HEIGHT="60">
            <Shape><Polygon POINTS="368 618 416 632 417 632 418 632 419 632 443 618 466 617 485 622 486 622 487 622 534 618 554 623 555 623 556 623 557 623 558 623 569 616 610 624 611 624 612 624 613 624 619 619 622 622 622 623 623 623 624 623 625 623 626 623 639 618 664 624 665 624 698 618 726 633 727 633 728 633 800 632 800 611 799 584 736 573 735 573 734 573 714 583 653 577 652 577 651 577 641 584 596 584 582 576 581 576 580 576 579 576 563 584 553 574 553 573 552 573 551 573 510 575 509 575 498 582 486 574 485 574 484 574 483 574 482 574 482 575 473 583 453 573 452 573 377 573 376 573 375 573 374 573 367 579 368 614"/></Shape>
            <String CONTENT="¶ Terribilis uere locus iste."
                    HPOS="367"
                    VPOS="573"
                    WIDTH="433"
                    HEIGHT="60"
                    WC="0.9974616457676065"></String>
          </TextLine>
          <TextLine ID="eSc_line_53327b5f"
                    TAGREFS="LT8"
                    BASELINE="322 652 708 651" 
                    HPOS="321"
                    VPOS="612"
                    WIDTH="387"
                    HEIGHT="53">
            <Shape><Polygon POINTS="614 613 610 617 596 613 588 613 575 618 564 613 560 613 552 613 512 625 471 625 463 618 463 617 462 617 461 617 460 617 442 623 433 617 432 617 431 617 430 617 429 617 406 624 373 614 367 614 366 612 321 612 322 652 322 660 345 665 346 665 445 660 496 660 511 665 512 665 513 665 514 665 528 659 544 664 545 664 546 664 547 664 548 664 552 660 564 664 565 664 566 664 707 662 708 651 706 624 667 618 666 618 635 623 622 613 615 613"/></Shape>
            <String CONTENT="Terribilis/ ⁊ Benedicite/"
                    HPOS="321"
                    VPOS="612"
                    WIDTH="387"
                    HEIGHT="53"
                    WC="0.9738914442062377"></String>
          </TextLine>
          <TextLine ID="eSc_line_e35d4206"
                    TAGREFS="LT8"
                    BASELINE="284 695 849 692" 
                    HPOS="283"
                    VPOS="648"
                    WIDTH="566"
                    HEIGHT="61">
            <Shape><Polygon POINTS="467 652 462 652 442 658 408 654 407 654 406 654 405 654 391 664 378 655 377 655 376 655 375 655 349 661 315 650 315 650 314 650 313 650 283 664 284 695 284 704 357 703 371 709 372 709 373 709 374 709 375 709 375 708 382 703 400 708 401 708 402 708 430 703 439 708 440 708 441 708 442 708 443 708 467 703 520 708 521 708 522 708 540 702 558 708 559 708 560 709 660 709 660 708 686 708 687 708 688 708 688 707 694 701 707 708 708 708 709 708 737 701 784 708 785 708 848 702 849 692 847 651 763 648 762 648 761 648 760 648 752 653 746 649 746 648 745 648 744 648 716 648 715 648 714 648 686 663 585 663 574 658 573 658 572 658 546 663 531 657 530 657 529 657 529 657 528 657 528 658 520 664 498 664 475 652 467 652"/></Shape>
            <String CONTENT="Nest pas ce lieu dangereux ⁊ terrible"
                    HPOS="283"
                    VPOS="648"
                    WIDTH="566"
                    HEIGHT="61"
                    WC="0.9960108157750722"></String>
          </TextLine>
          <TextLine ID="eSc_line_d87b6517"
                    TAGREFS="LT8"
                    BASELINE="283 736 923 734" 
                    HPOS="282"
                    VPOS="698"
                    WIDTH="641"
                    HEIGHT="55">
            <Shape><Polygon POINTS="916 708 908 702 892 698 891 698 834 698 833 698 833 698 818 707 813 703 812 703 811 703 810 703 810 703 795 708 658 708 638 698 637 698 617 698 616 698 615 698 599 706 574 700 573 700 572 700 546 709 512 709 506 704 506 704 505 704 504 704 503 704 502 704 495 709 440 709 415 699 414 699 413 699 412 699 378 708 362 699 361 699 360 699 360 699 359 699 345 706 332 699 331 699 330 699 282 699 283 736 283 751 375 745 392 753 393 753 394 753 394 753 409 745 452 745 464 753 465 753 466 753 467 753 502 753 502 753 535 745 564 753 565 753 566 753 567 753 581 745 596 752 597 752 598 752 599 752 600 752 600 751 608 744 636 744 646 752 647 752 648 752 649 753 747 753 747 752 748 752 762 744 783 752 784 752 785 752 786 752 801 747 839 752 840 752 841 752 857 746 900 752 900 752 901 752 923 743 923 734 922 712 916 708"/></Shape>
            <String CONTENT="Trop plus que nest de lexprimer possible?"
                    HPOS="282"
                    VPOS="698"
                    WIDTH="641"
                    HEIGHT="55"
                    WC="0.9966320976978396"></String>
          </TextLine>
          <TextLine ID="eSc_line_97e04bbf"
                    TAGREFS="LT8"
                    BASELINE="285 775 912 774" 
                    HPOS="284"
                    VPOS="742"
                    WIDTH="628"
                    HEIGHT="48">
            <Shape><Polygon POINTS="285 775 285 782 350 782 360 789 360 789 361 789 362 789 363 789 391 782 498 784 505 789 506 789 506 789 507 789 508 789 522 782 534 789 535 789 536 789 537 790 598 790 598 789 648 781 665 788 666 788 667 788 668 788 686 781 703 788 704 788 705 788 748 781 786 788 787 788 788 788 788 788 796 783 815 788 816 788 817 789 865 789 865 788 866 788 885 781 911 785 912 774 911 749 861 742 860 742 680 748 673 742 673 742 672 742 671 742 670 742 669 742 657 748 595 749 474 744 473 744 445 749 420 742 419 742 418 742 386 749 374 742 373 742 296 742 295 742 294 742 293 742 284 748 285 775"/></Shape>
            <String CONTENT="Ou sont entrez ces gros loups rauissans"
                    HPOS="284"
                    VPOS="742"
                    WIDTH="628"
                    HEIGHT="48"
                    WC="0.997324104492481"></String>
          </TextLine>
          <TextLine ID="eSc_line_45dc06d7"
                    TAGREFS="LT8"
                    BASELINE="282 817 941 817" 
                    HPOS="282"
                    VPOS="777"
                    WIDTH="659"
                    HEIGHT="54">
            <Shape><Polygon POINTS="282 817 282 826 366 824 381 831 382 831 382 831 383 831 398 824 439 824 445 829 446 829 447 829 448 829 528 824 567 831 568 831 569 831 596 824 648 831 649 831 650 831 671 824 695 829 696 829 784 824 792 831 793 831 794 831 795 831 856 826 869 831 870 831 871 831 941 829 941 817 941 785 918 777 917 777 916 777 915 777 898 783 882 777 881 777 880 777 879 777 878 777 865 787 834 787 795 777 794 777 793 777 774 785 762 780 761 780 760 780 759 780 758 780 751 787 729 780 728 780 727 780 726 780 725 780 716 787 668 787 657 777 656 777 655 777 629 777 628 777 627 777 593 787 503 787 494 780 493 780 492 780 491 780 477 783 462 777 461 777 390 777 389 777 388 777 367 787 356 777 355 777 354 777 320 777 319 777 318 777 282 787 282 817"/></Shape>
            <String CONTENT="Qui soubz leurs piedz uoꝰ tiẽnẽt lãguissãs"
                    HPOS="282"
                    VPOS="777"
                    WIDTH="659"
                    HEIGHT="54"
                    WC="0.9929055027339769"></String>
          </TextLine>
          <TextLine ID="eSc_line_d9d13552"
                    TAGREFS="LT8"
                    BASELINE="283 856 933 858" 
                    HPOS="282"
                    VPOS="818"
                    WIDTH="651"
                    HEIGHT="59">
            <Shape><Polygon POINTS="489 818 488 818 487 818 450 822 444 818 443 818 442 818 439 818 430 818 421 818 412 818 403 818 394 818 390 818 389 818 388 818 387 818 375 828 346 828 335 818 334 818 333 818 332 818 309 822 283 820 283 856 282 863 305 870 306 870 307 870 343 863 442 863 463 873 464 873 465 874 488 874 488 873 489 873 490 873 506 863 519 872 520 872 521 872 522 872 568 865 603 875 604 875 605 875 606 875 626 865 641 876 642 876 643 876 644 876 702 874 703 874 704 874 716 865 743 864 764 870 765 870 765 870 766 870 790 864 796 868 797 868 798 868 799 868 812 865 832 876 833 876 833 877 898 877 898 876 899 876 900 876 910 866 932 863 933 858 933 828 923 822 922 822 921 822 920 822 890 828 848 821 847 821 846 821 845 821 836 829 804 829 790 819 789 819 788 819 669 819 668 819 667 819 636 828 550 827 544 821 543 821 542 821 541 821 506 827 490 818 489 818"/></Shape>
            <String CONTENT="Tous les Chrestiẽs/ que Iesus Dieu ⁊ hõe"
                    HPOS="282"
                    VPOS="818"
                    WIDTH="651"
                    HEIGHT="59"
                    WC="0.9939350499993279"></String>
          </TextLine>
          <TextLine ID="eSc_line_e9be4a03"
                    TAGREFS="LT8"
                    BASELINE="280 896 835 899" 
                    HPOS="279"
                    VPOS="859"
                    WIDTH="556"
                    HEIGHT="54">
            <Shape><Polygon POINTS="279 904 288 910 289 910 290 910 291 910 292 910 312 904 331 909 332 909 333 909 334 909 353 904 365 910 366 910 367 910 368 910 386 904 393 909 394 909 394 909 395 909 416 904 424 910 425 910 426 910 427 910 463 904 488 911 489 911 490 912 540 912 540 911 540 911 541 911 541 910 548 905 559 911 560 911 561 912 623 912 623 911 624 911 649 905 664 912 665 912 666 912 717 906 726 910 727 910 728 910 784 906 808 912 809 912 810 913 810 912 810 912 834 905 835 899 835 869 827 865 826 865 825 865 797 870 788 863 788 862 788 862 787 862 786 862 785 862 770 867 756 861 755 861 754 861 719 868 710 862 709 862 709 862 708 862 707 862 706 862 700 866 676 865 675 865 675 865 674 865 674 865 668 870 650 865 649 865 648 865 607 869 579 862 578 862 577 862 576 862 556 868 535 863 534 863 533 863 532 863 531 863 531 864 525 870 469 870 453 869 443 860 443 859 442 859 441 859 339 859 338 859 337 859 310 868 281 860 280 896 279 904"/></Shape>
            <String CONTENT="A rachetez/ non le Pape de Romme?"
                    HPOS="279"
                    VPOS="859"
                    WIDTH="556"
                    HEIGHT="54"
                    WC="0.9962685650045221"></String>
          </TextLine>
          <TextLine ID="eSc_line_a6bd3396"
                    TAGREFS="LT8"
                    BASELINE="280 938 942 938" 
                    HPOS="280"
                    VPOS="901"
                    WIDTH="662"
                    HEIGHT="54">
            <Shape><Polygon POINTS="941 927 938 906 920 901 919 901 817 901 816 901 815 901 814 901 802 910 788 905 788 905 787 905 786 905 785 905 777 911 747 911 726 901 725 901 710 901 709 901 709 901 708 901 697 910 658 903 657 903 656 903 635 910 581 906 580 906 579 906 560 910 542 905 541 905 540 905 540 905 539 905 532 911 468 911 455 903 454 903 453 903 452 903 372 910 360 901 359 901 358 901 357 901 280 906 280 938 280 954 331 946 399 946 407 953 407 954 408 954 409 954 410 954 511 946 588 946 603 954 604 954 605 954 606 954 632 946 695 946 702 953 702 954 703 954 704 954 705 954 743 946 809 947 815 954 816 954 817 954 818 955 850 955 850 954 851 954 852 954 852 953 858 947 880 954 881 954 882 954 942 948 942 938 942 907 941 907 941 927"/></Shape>
            <String CONTENT="Qui meschamment au lieu Deuangelistes"
                    HPOS="280"
                    VPOS="901"
                    WIDTH="662"
                    HEIGHT="54"
                    WC="0.999932941552755"></String>
          </TextLine>
          <TextLine ID="eSc_line_f267de75"
                    TAGREFS="LT8"
                    BASELINE="282 978 931 979" 
                    HPOS="282"
                    VPOS="944"
                    WIDTH="649"
                    HEIGHT="52">
            <Shape><Polygon POINTS="282 978 282 989 399 987 409 994 410 994 411 994 412 995 432 995 432 994 433 994 453 987 472 994 473 994 474 994 475 994 476 994 482 989 498 993 499 993 555 987 569 993 570 993 607 995 608 995 660 988 675 993 676 993 677 993 724 988 744 995 745 995 746 996 765 996 765 995 765 995 766 995 776 988 831 988 841 995 842 995 843 995 844 995 930 990 931 979 930 953 907 948 906 948 905 948 896 953 883 947 882 947 881 947 880 947 879 947 873 952 864 944 863 944 862 944 861 944 860 944 833 954 696 954 680 946 679 946 678 946 677 946 676 946 668 954 616 954 608 947 607 947 606 947 605 947 567 952 561 946 560 946 559 946 558 946 525 952 507 944 506 944 469 944 468 944 467 944 466 944 456 953 416 953 407 944 407 944 406 944 405 944 300 944 299 944 298 944 282 949 282 978"/></Shape>
            <String CONTENT="Enuoye prescher de gros ueaux cabalistes"
                    HPOS="282"
                    VPOS="944"
                    WIDTH="649"
                    HEIGHT="52"
                    WC="0.9978998914361"></String>
          </TextLine>
          <TextLine ID="eSc_line_38ca8405"
                    TAGREFS="LT8"
                    BASELINE="281 1021 904 1021" 
                    HPOS="281"
                    VPOS="987"
                    WIDTH="623"
                    HEIGHT="49">
            <Shape><Polygon POINTS="281 1021 281 1029 291 1035 292 1035 292 1035 293 1035 294 1035 324 1028 356 1033 357 1033 358 1033 373 1028 474 1028 483 1034 483 1035 484 1035 484 1035 485 1035 486 1035 497 1030 523 1035 524 1035 525 1035 540 1028 610 1028 618 1034 618 1035 619 1035 619 1035 620 1035 621 1035 637 1029 652 1035 653 1035 653 1036 707 1036 707 1035 708 1035 733 1029 902 1035 904 1021 903 996 767 987 766 987 765 987 746 994 716 988 715 988 714 988 694 996 537 996 526 987 525 987 524 987 495 987 494 987 493 987 492 987 483 995 444 995 437 989 436 989 435 989 434 989 433 989 421 996 392 996 373 987 372 987 371 987 371 987 370 987 358 996 328 996 315 987 315 987 314 987 281 987 281 1021"/></Shape>
            <String CONTENT="Par ces moustiers/ ou ce prestrail impur/"
                    HPOS="281"
                    VPOS="987"
                    WIDTH="623"
                    HEIGHT="49"
                    WC="0.9957987564366039"></String>
          </TextLine>
          <TextLine ID="eSc_line_09ffa16b"
                    TAGREFS="LT8"
                    BASELINE="282 1059 895 1062" 
                    HPOS="282"
                    VPOS="1025"
                    WIDTH="613"
                    HEIGHT="50">
            <Shape><Polygon POINTS="282 1059 282 1072 354 1068 387 1073 388 1073 389 1073 390 1073 397 1068 459 1073 460 1073 461 1073 470 1068 485 1074 486 1074 487 1074 488 1074 503 1069 580 1074 581 1074 670 1068 713 1069 718 1074 718 1075 719 1075 720 1075 720 1075 764 1069 775 1075 776 1075 777 1075 777 1075 794 1070 832 1075 833 1075 833 1075 845 1069 874 1075 875 1075 876 1075 894 1068 895 1062 894 1036 825 1030 824 1030 823 1030 808 1036 711 1036 707 1032 707 1031 706 1031 705 1031 704 1031 703 1031 690 1035 607 1035 596 1027 595 1027 594 1027 593 1027 592 1027 566 1034 557 1027 557 1026 556 1026 555 1026 533 1026 532 1026 531 1026 515 1034 506 1027 506 1026 506 1026 505 1026 504 1026 503 1026 486 1034 464 1025 463 1025 462 1025 461 1025 433 1034 422 1034 413 1026 413 1025 412 1025 411 1025 359 1025 358 1025 357 1025 356 1025 349 1030 344 1025 343 1025 342 1025 302 1025 301 1025 300 1025 282 1033 282 1059"/></Shape>
            <String CONTENT="Qui se dit sainct/ net/ angelicque/ ⁊ pur/"
                    HPOS="282"
                    VPOS="1025"
                    WIDTH="613"
                    HEIGHT="50"
                    WC="0.9782321793692452"></String>
          </TextLine>
          <TextLine ID="eSc_line_78b90c16"
                    TAGREFS="LT8"
                    BASELINE="281 1101 925 1104" 
                    HPOS="281"
                    VPOS="1062"
                    WIDTH="644"
                    HEIGHT="56">
            <Shape><Polygon POINTS="281 1101 281 1113 397 1109 494 1116 495 1116 539 1110 547 1116 548 1116 549 1116 550 1116 551 1116 551 1116 558 1112 563 1116 564 1116 565 1116 629 1117 630 1117 630 1117 642 1113 662 1117 663 1117 664 1117 664 1117 665 1117 674 1111 759 1111 786 1118 787 1118 788 1118 788 1118 810 1112 923 1118 925 1104 924 1065 886 1066 885 1066 884 1066 872 1074 865 1068 864 1068 863 1068 862 1068 861 1068 846 1076 824 1076 798 1065 797 1065 796 1065 795 1065 794 1065 777 1075 720 1068 720 1068 698 1072 691 1067 690 1067 689 1067 688 1067 687 1067 670 1074 579 1074 563 1063 563 1063 562 1063 494 1063 493 1063 492 1063 472 1074 452 1074 428 1064 427 1064 427 1064 377 1072 365 1063 364 1063 363 1063 329 1062 328 1062 295 1064 294 1064 281 1070 281 1101"/></Shape>
            <String CONTENT="A tous Chrestiẽs (q̃ eust il la bouche close)"
                    HPOS="281"
                    VPOS="1062"
                    WIDTH="644"
                    HEIGHT="56"
                    WC="0.9931732157002324"></String>
          </TextLine>
          <TextLine ID="eSc_line_2ac85820"
                    TAGREFS="LT8"
                    BASELINE="282 1143 923 1145" 
                    HPOS="281"
                    VPOS="1105"
                    WIDTH="642"
                    HEIGHT="53">
            <Shape><Polygon POINTS="282 1143 281 1156 342 1157 343 1157 344 1157 345 1157 351 1151 367 1157 368 1157 369 1157 370 1157 371 1157 380 1151 417 1157 418 1157 419 1157 436 1151 471 1151 477 1157 478 1157 479 1157 480 1157 511 1152 555 1157 556 1157 557 1157 570 1151 619 1157 619 1157 642 1152 658 1157 659 1157 660 1157 707 1152 753 1158 754 1158 800 1153 810 1158 810 1158 811 1158 812 1158 813 1158 822 1152 834 1158 835 1158 836 1158 858 1153 870 1158 871 1158 872 1158 923 1155 923 1145 923 1116 862 1115 837 1106 836 1106 835 1106 834 1106 810 1116 792 1116 778 1106 777 1106 777 1106 723 1106 722 1106 721 1106 720 1106 709 1116 676 1116 648 1106 647 1106 646 1106 645 1106 619 1115 578 1107 577 1107 576 1107 575 1107 565 1115 524 1115 514 1106 514 1105 513 1105 512 1105 511 1105 510 1105 485 1115 439 1115 418 1105 417 1105 331 1105 330 1105 329 1105 315 1110 301 1105 300 1105 299 1105 298 1105 282 1111 282 1143"/></Shape>
            <String CONTENT="Par plusieursfoys uent une mesme chose:"
                    HPOS="281"
                    VPOS="1105"
                    WIDTH="642"
                    HEIGHT="53"
                    ></String>
          </TextLine>
          <TextLine ID="eSc_line_d7aadccd"
                    TAGREFS="LT8"
                    BASELINE="280 1182 901 1185" 
                    HPOS="279"
                    VPOS="1146"
                    WIDTH="622"
                    HEIGHT="52">
            <Shape><Polygon POINTS="280 1182 279 1190 328 1196 329 1196 358 1191 427 1191 434 1196 435 1196 436 1196 437 1196 486 1192 494 1197 495 1197 495 1197 496 1197 523 1192 558 1197 559 1197 594 1192 695 1198 696 1198 900 1194 901 1185 901 1158 848 1158 833 1147 833 1147 832 1147 831 1147 753 1157 743 1149 743 1149 742 1149 704 1147 703 1147 702 1147 686 1156 677 1147 677 1146 676 1146 675 1146 628 1146 627 1146 626 1146 591 1156 568 1149 567 1149 566 1149 565 1149 564 1149 558 1156 488 1156 477 1146 477 1146 476 1146 475 1146 430 1146 429 1146 428 1146 427 1146 421 1150 416 1146 415 1146 414 1146 376 1146 375 1146 374 1146 373 1146 361 1156 335 1156 309 1146 308 1146 307 1146 306 1146 280 1154 280 1182"/></Shape>
            <String CONTENT="Et nonobstant/ il la dit tousiours sienne"
                    HPOS="279"
                    VPOS="1146"
                    WIDTH="622"
                    HEIGHT="52"
                    WC="0.9885692523746956"></String>
          </TextLine>
          <TextLine ID="eSc_line_67bed556"
                    TAGREFS="LT8"
                    BASELINE="281 1225 903 1227" 
                    HPOS="280"
                    VPOS="1187"
                    WIDTH="623"
                    HEIGHT="53">
            <Shape><Polygon POINTS="281 1225 280 1233 325 1239 326 1239 355 1233 431 1233 445 1239 446 1239 447 1240 495 1240 495 1239 495 1239 496 1239 505 1233 553 1237 554 1237 555 1237 566 1233 601 1237 602 1237 635 1234 644 1240 645 1240 646 1240 647 1240 851 1234 901 1239 903 1227 902 1198 795 1197 781 1188 780 1188 779 1188 778 1188 728 1193 717 1190 716 1190 715 1190 714 1190 700 1197 678 1190 677 1190 676 1190 636 1196 615 1188 614 1188 613 1188 612 1188 611 1188 600 1197 537 1197 525 1187 524 1187 523 1187 522 1187 521 1187 509 1191 504 1187 503 1187 502 1187 448 1187 447 1187 446 1187 445 1187 445 1188 436 1195 424 1187 423 1187 422 1187 351 1187 350 1187 349 1187 349 1187 340 1193 302 1187 301 1187 300 1187 281 1191 281 1225"/></Shape>
            <String CONTENT="Sans confesser iamais quelle soit tienne."
                    HPOS="280"
                    VPOS="1187"
                    WIDTH="623"
                    HEIGHT="53"
                    WC="0.9897778775633835"></String>
          </TextLine>
          <TextLine ID="eSc_line_11cca154"
                    TAGREFS="LT8"
                    BASELINE="280 1265 828 1269" 
                    HPOS="279"
                    VPOS="1227"
                    WIDTH="549"
                    HEIGHT="57">
            <Shape><Polygon POINTS="280 1265 279 1274 284 1280 284 1281 285 1281 286 1281 287 1281 288 1281 308 1274 361 1279 362 1279 415 1273 428 1280 429 1280 430 1280 431 1280 444 1274 479 1281 480 1281 526 1274 552 1282 553 1282 554 1282 555 1282 580 1276 625 1282 626 1282 627 1282 628 1282 636 1276 651 1281 652 1281 653 1281 653 1281 676 1275 698 1283 699 1283 700 1283 701 1283 720 1277 730 1283 731 1283 731 1283 732 1284 758 1284 758 1283 759 1283 760 1283 760 1282 767 1276 826 1283 828 1269 826 1231 799 1236 789 1230 788 1230 788 1230 756 1230 755 1230 754 1230 754 1230 754 1231 744 1239 731 1230 731 1230 730 1230 729 1230 728 1230 698 1240 584 1240 551 1228 550 1228 499 1228 498 1228 497 1228 496 1228 483 1238 406 1238 385 1227 384 1227 348 1227 347 1227 346 1227 345 1227 330 1236 307 1227 306 1227 305 1227 304 1227 280 1234 280 1265"/></Shape>
            <String CONTENT="Peuple aueugle/ ⁊ derreur tout farsi"
                    HPOS="279"
                    VPOS="1227"
                    WIDTH="549"
                    HEIGHT="57"
                    WC="0.9927444673246808"></String>
          </TextLine>
          <TextLine ID="eSc_line_dff78135"
                    TAGREFS="LT8"
                    BASELINE="279 1305 727 1311 816 1308" 
                    HPOS="278"
                    VPOS="1268"
                    WIDTH="538"
                    HEIGHT="85">
            <Shape><Polygon POINTS="278 1349 351 1351 352 1351 353 1351 354 1351 354 1350 359 1346 370 1350 371 1350 371 1350 413 1342 427 1352 427 1352 428 1352 429 1353 468 1353 468 1352 469 1352 500 1338 510 1345 511 1345 512 1345 513 1345 514 1345 515 1345 527 1335 540 1335 558 1348 559 1348 560 1348 561 1348 582 1343 594 1351 595 1351 596 1351 596 1351 597 1351 631 1336 668 1344 669 1344 670 1344 684 1338 702 1344 703 1344 704 1344 705 1344 706 1344 714 1338 724 1346 725 1346 726 1346 727 1346 728 1346 751 1338 815 1338 816 1308 814 1282 750 1282 731 1273 730 1273 729 1273 728 1273 727 1273 716 1281 698 1272 697 1272 696 1272 652 1276 645 1271 644 1271 643 1271 642 1271 641 1271 620 1279 608 1273 607 1273 606 1273 605 1273 604 1273 594 1280 522 1280 509 1272 508 1272 507 1272 506 1272 506 1272 506 1273 499 1280 472 1280 450 1270 450 1270 449 1270 408 1278 400 1270 400 1270 399 1270 398 1270 384 1269 383 1269 382 1269 366 1275 357 1269 356 1269 355 1269 301 1269 300 1269 299 1269 298 1269 290 1275 281 1268 279 1305 278 1349"/></Shape>
            <String CONTENT="Que si tu ueulx bien entendre cecy/"
                    HPOS="278"
                    VPOS="1268"
                    WIDTH="538"
                    HEIGHT="85"
                    ></String>
          </TextLine>
        </TextBlock>
        <TextBlock HPOS="832"
                   VPOS="1304"
                   WIDTH="120"
                   HEIGHT="75"
                   ID="eSc_textblock_8383ffa1"
                   TAGREFS="BT17">
          <Shape><Polygon POINTS="832 1304 832 1379 952 1379 952 1304"/></Shape>
          <TextLine ID="eSc_line_d3467528"
                    TAGREFS="LT8"
                    BASELINE="834 1352 938 1350" 
                    HPOS="833"
                    VPOS="1311"
                    WIDTH="105"
                    HEIGHT="67">
            <Shape><Polygon POINTS="934 1322 925 1314 917 1313 884 1318 878 1314 878 1313 878 1313 877 1313 841 1311 840 1311 839 1311 838 1311 838 1312 833 1315 834 1352 834 1371 849 1371 855 1377 855 1378 856 1378 857 1378 858 1378 859 1378 874 1372 889 1377 889 1377 890 1377 891 1377 892 1377 892 1376 899 1371 937 1374 938 1350 937 1341 934 1322"/></Shape>
            <String CONTENT="Tant"
                    HPOS="833"
                    VPOS="1311"
                    WIDTH="105"
                    HEIGHT="67"
                    WC="0.9999980628490448"></String>
          </TextLine>
        </TextBlock>
      </PrintSpace>
    </Page>
  </Layout>
</alto>
