<?xml version="1.0" encoding="UTF-8"?>
<alto xmlns:xsi="http://www.w3.org/2001/XMLSchema-instance"
      xmlns="http://www.loc.gov/standards/alto/ns-v4#"
      xsi:schemaLocation="http://www.loc.gov/standards/alto/ns-v4# http://www.loc.gov/standards/alto/v4/alto-4-2.xsd">
  <Description>
    <MeasurementUnit>pixel</MeasurementUnit>
    <sourceImageInformation>
      <fileName>14_e565a_default.jpg</fileName>
      <fileIdentifier>https://iiif.onb.ac.at/images/ABO/Z155805804/00000015/full/full/0/default.jpg</fileIdentifier>
    </sourceImageInformation>
  </Description>
  <Tags>
    <OtherTag ID="BT7" LABEL="CustomZone" DESCRIPTION="block type CustomZone"/><OtherTag ID="BT8" LABEL="DamageZone" DESCRIPTION="block type DamageZone"/><OtherTag ID="BT9" LABEL="DigitizationArtefactZone" DESCRIPTION="block type DigitizationArtefactZone"/><OtherTag ID="BT10" LABEL="DropCapitalZone" DESCRIPTION="block type DropCapitalZone"/><OtherTag ID="BT11" LABEL="GraphicZone" DESCRIPTION="block type GraphicZone"/><OtherTag ID="BT12" LABEL="MainZone" DESCRIPTION="block type MainZone"/><OtherTag ID="BT13" LABEL="MarginTextZone" DESCRIPTION="block type MarginTextZone"/><OtherTag ID="BT14" LABEL="MusicZone" DESCRIPTION="block type MusicZone"/><OtherTag ID="BT15" LABEL="NumberingZone" DESCRIPTION="block type NumberingZone"/><OtherTag ID="BT17" LABEL="QuireMarksZone" DESCRIPTION="block type QuireMarksZone"/><OtherTag ID="BT18" LABEL="RunningTitleZone" DESCRIPTION="block type RunningTitleZone"/><OtherTag ID="BT19" LABEL="SealZone" DESCRIPTION="block type SealZone"/><OtherTag ID="BT20" LABEL="StampZone" DESCRIPTION="block type StampZone"/><OtherTag ID="BT21" LABEL="TableZone" DESCRIPTION="block type TableZone"/><OtherTag ID="BT22" LABEL="TitlePageZone" DESCRIPTION="block type TitlePageZone"/>
    <OtherTag ID="LT7" LABEL="CustomLine" DESCRIPTION="line type CustomLine"/><OtherTag ID="LT8" LABEL="DefaultLine" DESCRIPTION="line type DefaultLine"/><OtherTag ID="LT9" LABEL="DropCapitalLine" DESCRIPTION="line type DropCapitalLine"/><OtherTag ID="LT10" LABEL="HeadingLine" DESCRIPTION="line type HeadingLine"/><OtherTag ID="LT11" LABEL="InterlinearLine" DESCRIPTION="line type InterlinearLine"/><OtherTag ID="LT12" LABEL="MusicLine" DESCRIPTION="line type MusicLine"/><OtherTag ID="LT1255" LABEL="default" DESCRIPTION="line type default"/>
  </Tags>
  <Layout>
    <Page WIDTH="1019"
          HEIGHT="1655"
          PHYSICAL_IMG_NR="14"
          ID="eSc_dummypage_">
      <PrintSpace HPOS="0"
                  VPOS="0"
                  WIDTH="1019"
                  HEIGHT="1655">
        <TextBlock HPOS="277"
                   VPOS="86"
                   WIDTH="326"
                   HEIGHT="63"
                   ID="eSc_textblock_fd9b290d"
                   TAGREFS="BT18">
          <Shape><Polygon POINTS="277 86 277 149 603 149 603 86"/></Shape>
          <TextLine ID="eSc_line_3b6f2aa3"
                    TAGREFS="LT10"
                    BASELINE="297 134 587 134" 
                    HPOS="297"
                    VPOS="91"
                    WIDTH="290"
                    HEIGHT="58">
            <Shape><Polygon POINTS="579 100 507 100 498 96 491 96 481 95 472 95 463 95 454 94 445 94 435 94 426 94 417 93 408 93 399 93 389 92 380 92 371 92 365 91 359 94 353 91 343 91 334 91 325 91 316 91 307 91 297 102 297 134 297 143 344 143 353 148 354 148 355 149 476 149 476 148 477 148 494 143 512 148 513 148 514 149 579 149 579 148 580 148 581 148 587 144 587 134 587 103 583 101"/></Shape>
            <String CONTENT="de la Dedicace."
                    HPOS="297"
                    VPOS="91"
                    WIDTH="290"
                    HEIGHT="58"
                    WC="0.9971041520436604"></String>
          </TextLine>
        </TextBlock>
        <TextBlock HPOS="97"
                   VPOS="144"
                   WIDTH="698"
                   HEIGHT="1170"
                   ID="eSc_textblock_1fad618e"
                   TAGREFS="BT12">
          <Shape><Polygon POINTS="97 144 97 1314 795 1300 788 144"/></Shape>
          <TextLine ID="eSc_line_c7f7650d"
                    TAGREFS="LT8"
                    BASELINE="111 190 689 179" 
                    HPOS="110"
                    VPOS="136"
                    WIDTH="579"
                    HEIGHT="66">
            <Shape><Polygon POINTS="671 150 662 149 652 148 643 147 634 146 605 146 588 137 587 137 586 137 585 137 564 145 550 136 549 136 549 136 548 136 547 136 522 148 445 139 444 139 443 139 442 139 429 148 412 144 411 144 410 144 388 150 375 139 374 139 373 139 372 139 332 148 309 141 308 141 269 141 266 143 257 143 248 143 239 143 229 144 220 144 211 144 206 144 189 154 167 154 153 146 147 146 140 146 117 152 110 160 111 190 111 197 136 202 137 202 203 196 218 201 219 201 220 201 251 195 261 200 262 200 263 200 263 200 264 200 272 194 320 194 327 199 328 199 329 199 330 199 389 198 389 198 390 198 390 197 396 193 437 197 438 197 460 193 492 195 492 195 493 195 506 190 519 195 520 195 521 195 560 190 591 194 592 194 672 193 673 193 689 185 689 179 676 151 671 150"/></Shape>
            <String CONTENT="Tant seulemẽt pense a tes cymetieres/"
                    HPOS="110"
                    VPOS="136"
                    WIDTH="579"
                    HEIGHT="66"
                    WC="0.9770477743525254"></String>
          </TextLine>
          <TextLine ID="eSc_line_452b9da4"
                    TAGREFS="LT8"
                    BASELINE="111 230 738 221" 
                    HPOS="110"
                    VPOS="185"
                    WIDTH="628"
                    HEIGHT="56">
            <Shape><Polygon POINTS="735 198 726 193 724 192 660 186 659 186 605 194 598 188 597 188 596 188 595 188 570 192 558 185 557 185 556 185 513 194 503 186 502 186 501 186 486 186 485 186 432 187 431 187 430 187 417 197 389 197 372 188 371 188 370 188 318 194 303 189 302 189 301 189 254 190 253 190 234 199 207 191 206 191 206 191 205 191 192 196 154 192 153 192 110 201 111 230 111 237 146 241 147 241 250 236 291 239 292 239 293 239 294 239 301 235 351 239 352 239 353 239 363 234 674 234 675 234 738 228 738 221 735 198 735 198"/></Shape>
            <String CONTENT="Et promptement entendras les matieres."
                    HPOS="110"
                    VPOS="185"
                    WIDTH="628"
                    HEIGHT="56"
                    WC="0.9920945057743474"></String>
          </TextLine>
          <TextLine ID="eSc_line_3d3dc663"
                    TAGREFS="LT8"
                    BASELINE="110 272 443 265 763 265" 
                    HPOS="109"
                    VPOS="226"
                    WIDTH="654"
                    HEIGHT="55">
            <Shape><Polygon POINTS="759 227 715 232 706 226 705 226 704 226 703 226 668 227 667 227 655 233 603 227 602 227 601 227 579 234 521 234 479 227 478 227 453 232 441 228 440 228 439 228 438 228 423 232 418 228 417 228 416 228 415 228 356 228 355 228 345 233 296 228 295 228 294 228 270 238 239 238 219 229 218 229 217 229 182 238 172 231 171 231 171 231 170 231 109 233 110 272 110 280 367 276 382 281 383 281 384 281 385 281 403 275 473 280 474 280 475 280 497 274 545 278 546 278 578 273 686 277 686 277 709 273 762 276 763 265 761 229 759 227"/></Shape>
            <String CONTENT="Tu uoys a loeil que tousiours ilz te uẽdent"
                    HPOS="109"
                    VPOS="226"
                    WIDTH="654"
                    HEIGHT="55"
                    WC="0.9924327324737202"></String>
          </TextLine>
          <TextLine ID="eSc_line_60c58907"
                    TAGREFS="LT8"
                    BASELINE="110 312 707 304" 
                    HPOS="109"
                    VPOS="266"
                    WIDTH="598"
                    HEIGHT="57">
            <Shape><Polygon POINTS="652 266 651 266 650 266 609 272 533 268 532 268 531 268 505 277 475 277 460 269 459 269 458 269 398 270 397 270 373 278 245 272 244 272 243 272 242 272 242 273 236 279 194 273 194 273 193 273 165 281 130 277 129 277 128 277 109 282 110 312 110 323 707 316 707 304 706 273 693 268 692 268 691 268 660 273 652 267 652 266 652 266"/></Shape>
            <String CONTENT="Le fons/ ⁊ si tous les iours y pretendent"
                    HPOS="109"
                    VPOS="266"
                    WIDTH="598"
                    HEIGHT="57"
                    WC="0.9901088519794184"></String>
          </TextLine>
          <TextLine ID="eSc_line_20f47d10"
                    TAGREFS="LT8"
                    BASELINE="110 354 707 345" 
                    HPOS="110"
                    VPOS="308"
                    WIDTH="597"
                    HEIGHT="55">
            <Shape><Polygon POINTS="110 363 707 353 707 345 705 311 655 308 654 308 653 308 652 308 642 315 619 311 618 311 523 317 510 310 509 310 508 310 464 314 421 309 420 309 419 309 386 319 378 313 378 312 377 312 377 312 376 312 375 312 365 316 355 311 354 311 295 311 294 311 293 311 292 311 277 321 253 321 240 312 240 312 239 312 238 312 179 313 178 313 177 313 168 320 160 315 160 314 160 314 159 314 129 314 128 314 127 314 116 320 111 315 110 354 110 363"/></Shape>
            <String CONTENT="Quil est a eulx/ leur fais ie donc iniure"
                    HPOS="110"
                    VPOS="308"
                    WIDTH="597"
                    HEIGHT="55"
                    WC="0.9948390518746725"></String>
          </TextLine>
          <TextLine ID="eSc_line_4c45c178"
                    TAGREFS="LT8"
                    BASELINE="112 393 754 386" 
                    HPOS="111"
                    VPOS="348"
                    WIDTH="643"
                    HEIGHT="55">
            <Shape><Polygon POINTS="274 353 225 359 192 353 191 353 111 361 112 393 112 403 754 399 754 386 752 353 731 348 730 348 729 348 712 353 692 348 691 348 690 348 633 354 598 349 597 349 568 355 490 351 489 351 488 351 477 355 445 351 444 351 415 357 389 352 389 352 303 358 274 353 274 353"/></Shape>
            <String CONTENT="Quand ie leur dys: Par leternel (ien iure)"
                    HPOS="111"
                    VPOS="348"
                    WIDTH="643"
                    HEIGHT="55"
                    WC="0.9883085262207758"></String>
          </TextLine>
          <TextLine ID="eSc_line_0a565e23"
                    TAGREFS="LT8"
                    BASELINE="114 434 471 428 764 428" 
                    HPOS="114"
                    VPOS="391"
                    WIDTH="650"
                    HEIGHT="57">
            <Shape><Polygon POINTS="114 434 114 448 216 440 249 445 250 445 251 445 267 440 282 446 283 446 284 446 326 445 327 445 328 445 328 445 334 439 355 445 356 445 357 445 358 445 387 438 443 445 444 445 487 437 537 442 538 442 538 442 550 436 572 436 581 443 582 443 583 443 583 443 584 443 599 436 639 440 640 440 641 440 660 435 696 442 697 442 698 442 712 437 762 441 764 428 763 397 700 391 699 391 651 397 633 391 632 391 631 391 602 398 576 392 575 392 543 398 520 394 519 394 518 394 517 394 514 398 508 393 507 393 506 393 505 393 476 399 450 394 449 394 448 394 428 399 390 394 389 394 389 394 367 400 335 395 297 395 296 395 295 395 294 395 286 400 276 396 275 396 199 396 198 396 160 402 127 397 126 397 125 397 114 402 114 434"/></Shape>
            <String CONTENT="Ie suis certain que urays larrons uoꝰ estes:"
                    HPOS="114"
                    VPOS="391"
                    WIDTH="650"
                    HEIGHT="57"
                    WC="0.9854888780550524"></String>
          </TextLine>
          <TextLine ID="eSc_line_79c58a68"
                    TAGREFS="LT8"
                    BASELINE="107 478 333 471 764 467" 
                    HPOS="106"
                    VPOS="429"
                    WIDTH="658"
                    HEIGHT="61">
            <Shape><Polygon POINTS="676 429 675 429 604 431 603 431 578 438 562 431 561 431 561 431 560 431 548 435 538 432 538 432 537 432 536 432 535 432 526 438 493 432 492 432 492 432 459 440 400 433 399 433 398 433 397 433 387 442 330 442 320 436 319 436 318 436 270 442 258 434 257 434 256 434 255 434 106 444 107 478 107 489 129 490 130 490 131 490 147 484 165 490 166 490 167 490 168 490 178 484 186 490 187 490 188 490 189 490 190 490 191 490 201 483 318 489 319 489 320 489 333 481 357 488 358 488 359 488 393 480 442 480 457 487 458 487 459 487 460 487 480 479 525 486 526 486 526 486 527 486 538 479 593 479 609 484 610 484 611 484 641 478 663 484 664 484 664 484 763 481 764 467 762 436 698 436 677 429 676 429"/></Shape>
            <String CONTENT="Car tout ainsi que urays larrõs uoꝰ faictes"
                    HPOS="106"
                    VPOS="429"
                    WIDTH="658"
                    HEIGHT="61"
                    WC="0.979194238781929"></String>
          </TextLine>
          <TextLine ID="eSc_line_ab19ce07"
                    TAGREFS="LT8"
                    BASELINE="108 518 700 508" 
                    HPOS="107"
                    VPOS="473"
                    WIDTH="593"
                    HEIGHT="58">
            <Shape><Polygon POINTS="108 518 108 531 162 525 214 530 215 530 216 530 230 525 258 529 259 529 260 529 261 529 270 524 279 528 280 528 281 528 308 524 320 528 321 528 322 528 385 522 430 526 431 526 432 526 446 521 538 525 538 525 592 518 599 523 600 523 601 523 602 523 657 517 684 522 685 522 686 522 700 516 700 508 698 479 542 473 541 473 540 473 539 473 526 481 489 474 488 474 470 475 469 475 469 475 469 476 461 482 381 476 380 476 379 476 378 476 378 477 370 484 357 480 356 480 355 480 291 485 265 479 264 479 215 479 214 479 197 479 196 479 195 479 195 480 187 488 155 488 137 481 136 481 135 481 134 481 107 489 108 518"/></Shape>
            <String CONTENT="Nenny/ nenny/ ie ne leur en fais point/"
                    HPOS="107"
                    VPOS="473"
                    WIDTH="593"
                    HEIGHT="58"
                    WC="0.9956543644269308"></String>
          </TextLine>
          <TextLine ID="eSc_line_bcd7aac1"
                    TAGREFS="LT8"
                    BASELINE="111 559 286 554 687 551" 
                    HPOS="110"
                    VPOS="513"
                    WIDTH="577"
                    HEIGHT="62">
            <Shape><Polygon POINTS="195 517 194 517 194 517 193 517 193 518 186 525 159 519 158 519 110 525 111 559 111 575 163 575 163 574 164 574 187 564 213 570 214 570 215 570 239 563 258 569 259 569 260 569 261 569 262 569 262 568 268 561 287 561 345 572 346 572 347 572 348 572 363 561 392 561 400 568 401 568 402 568 438 571 439 571 440 571 441 571 459 559 518 564 519 564 520 564 540 558 578 568 579 568 580 568 581 568 609 559 651 564 652 564 687 556 687 551 685 514 639 519 632 513 632 513 631 513 630 513 629 513 629 513 628 513 616 520 578 513 543 513 542 513 541 513 540 513 534 518 529 514 528 514 527 514 526 514 464 519 445 515 444 515 443 515 431 522 366 515 365 515 364 515 335 524 320 524 313 517 313 516 312 516 311 516 310 516 309 516 291 523 240 517 240 517 210 524 196 517 195 517"/></Shape>
            <String CONTENT="Ie suis certain/ ⁊ bien seur de ce poinct."
                    HPOS="110"
                    VPOS="513"
                    WIDTH="577"
                    HEIGHT="62"
                    WC="0.9902102464721316"></String>
          </TextLine>
          <TextLine ID="eSc_line_dee7a2ac"
                    TAGREFS="LT8"
                    BASELINE="155 597 671 591" 
                    HPOS="155"
                    VPOS="555"
                    WIDTH="516"
                    HEIGHT="56">
            <Shape><Polygon POINTS="155 610 185 611 186 611 187 611 201 605 217 611 218 611 219 611 220 611 221 611 233 604 297 604 307 609 308 609 309 609 309 609 310 609 334 603 367 608 368 609 391 609 391 608 392 608 393 608 393 607 400 602 424 606 425 606 445 603 450 607 451 607 452 607 453 607 454 607 470 601 487 607 488 607 489 608 523 608 523 607 524 607 525 607 535 601 580 606 581 606 632 602 644 605 645 605 646 605 647 605 648 605 648 604 655 599 669 603 671 591 669 564 618 558 617 558 616 558 615 558 608 564 582 564 569 555 568 555 567 555 525 555 524 555 523 555 491 565 475 557 474 557 473 557 472 557 471 557 460 566 431 566 375 557 374 557 357 559 356 559 355 559 355 559 347 568 326 568 305 558 304 558 303 558 302 558 282 566 239 559 238 559 237 559 227 564 220 559 219 559 218 559 173 559 172 559 171 559 171 559 160 569 155 567 155 597 155 610"/></Shape>
            <String CONTENT="O que ce lieu est bien dit furieux/"
                    HPOS="155"
                    VPOS="555"
                    WIDTH="516"
                    HEIGHT="56"
                    WC="0.9827205402510507"></String>
          </TextLine>
          <TextLine ID="eSc_line_c1102104"
                    TAGREFS="LT8"
                    BASELINE="103 641 369 635 732 632" 
                    HPOS="103"
                    VPOS="593"
                    WIDTH="629"
                    HEIGHT="58">
            <Shape><Polygon POINTS="730 599 708 593 707 593 706 593 705 593 704 593 696 600 663 595 662 595 661 595 650 601 634 596 633 596 632 596 631 596 630 596 630 597 626 602 579 602 543 595 542 595 541 595 513 603 479 596 478 596 477 596 465 603 447 595 446 595 446 595 389 604 332 597 331 597 330 597 306 606 292 606 282 598 281 598 280 598 240 598 240 598 239 598 218 605 201 599 200 599 199 599 169 605 150 600 149 600 148 600 103 600 103 641 103 650 210 646 223 651 224 651 225 651 269 645 336 650 337 650 338 650 339 650 347 644 413 649 414 649 415 649 428 643 460 647 461 647 462 647 463 647 469 642 487 646 488 646 524 641 560 647 561 647 603 640 624 646 625 646 626 646 669 641 730 644 732 632 731 601 730 599"/></Shape>
            <String CONTENT="Dont les recteurs sont tous plus curieux"
                    HPOS="103"
                    VPOS="593"
                    WIDTH="629"
                    HEIGHT="58"
                    WC="0.9981021538376809"></String>
          </TextLine>
          <TextLine ID="eSc_line_d58c22e5"
                    TAGREFS="LT8"
                    BASELINE="107 683 274 677 664 673" 
                    HPOS="106"
                    VPOS="637"
                    WIDTH="558"
                    HEIGHT="54">
            <Shape><Polygon POINTS="107 683 107 690 338 691 339 691 367 685 405 690 406 690 482 684 517 688 518 688 519 688 538 683 595 687 595 687 664 680 664 673 663 640 569 637 568 637 538 641 523 637 522 637 521 637 496 642 474 637 473 637 472 637 417 638 416 638 415 638 415 639 409 644 355 639 354 639 354 639 353 639 353 639 352 639 347 645 311 639 310 639 281 646 255 640 254 640 253 640 227 647 198 641 197 641 167 648 148 642 147 642 146 642 106 645 107 683"/></Shape>
            <String CONTENT="De leur prouffit/ ⁊ parement du lieu"
                    HPOS="106"
                    VPOS="637"
                    WIDTH="558"
                    HEIGHT="54"
                    WC="0.9992449730634689"></String>
          </TextLine>
          <TextLine ID="eSc_line_56205d61"
                    TAGREFS="LT8"
                    BASELINE="108 723 723 713" 
                    HPOS="108"
                    VPOS="674"
                    WIDTH="615"
                    HEIGHT="64">
            <Shape><Polygon POINTS="108 738 159 737 160 737 180 730 273 735 274 735 274 735 287 729 298 734 299 734 300 734 392 727 428 727 434 731 435 731 435 731 436 731 469 726 474 730 474 731 475 731 476 731 477 732 499 732 499 731 500 731 501 731 510 725 545 730 546 730 547 730 568 724 590 728 591 728 592 728 611 723 619 729 620 729 621 729 622 729 652 724 659 729 660 729 661 729 662 729 663 729 664 729 671 723 696 727 697 727 722 721 723 713 720 674 706 680 667 674 666 674 665 674 664 674 654 682 637 676 636 676 635 676 605 683 549 678 549 678 477 684 444 678 443 678 442 678 441 678 441 679 434 684 411 680 410 680 409 680 385 687 351 687 345 682 345 681 344 681 343 681 343 681 342 681 322 687 305 681 304 681 275 681 274 681 274 681 258 688 234 682 233 682 232 682 187 686 134 684 133 684 132 684 117 690 108 685 108 723 108 738"/></Shape>
            <String CONTENT="Quilz ne sont pas de la gloire de Dieu:"
                    HPOS="108"
                    VPOS="674"
                    WIDTH="615"
                    HEIGHT="64"
                    WC="0.99908109047474"></String>
          </TextLine>
          <TextLine ID="eSc_line_69e02471"
                    TAGREFS="LT8"
                    BASELINE="106 764 706 753" 
                    HPOS="105"
                    VPOS="718"
                    WIDTH="601"
                    HEIGHT="57">
            <Shape><Polygon POINTS="106 764 106 775 305 768 354 774 355 774 406 766 441 772 442 772 517 764 654 768 655 768 706 760 706 753 704 722 671 718 670 718 669 718 668 718 661 724 608 724 568 718 567 718 566 718 538 726 510 719 509 719 508 719 507 719 506 719 493 728 457 728 432 720 431 720 430 720 392 721 391 721 390 721 390 722 386 726 354 721 353 721 352 721 351 721 351 722 343 730 320 722 319 722 318 722 317 722 297 730 233 724 232 724 105 733 106 764"/></Shape>
            <String CONTENT="Et sentent tous si tresfort leur ramage/"
                    HPOS="105"
                    VPOS="718"
                    WIDTH="601"
                    HEIGHT="57"
                    WC="0.9747122883796692"></String>
          </TextLine>
          <TextLine ID="eSc_line_48661ba0"
                    TAGREFS="LT8"
                    BASELINE="109 805 320 799 764 796" 
                    HPOS="108"
                    VPOS="762"
                    WIDTH="656"
                    HEIGHT="55">
            <Shape><Polygon POINTS="761 766 756 762 108 766 109 805 109 817 165 812 180 816 181 816 182 816 183 816 183 816 190 810 196 816 197 816 198 816 199 816 200 816 218 810 251 816 252 816 253 816 268 810 306 813 307 813 382 809 398 814 399 814 400 814 445 813 446 813 446 813 452 808 467 813 468 813 469 813 516 811 517 811 518 811 523 808 528 812 529 812 530 812 531 812 532 812 546 807 560 812 561 812 561 812 606 806 636 806 643 811 644 811 645 811 646 811 763 807 764 796 761 766 761 766"/></Shape>
            <String CONTENT="Quilz ayment mieulx bien parer un image"
                    HPOS="108"
                    VPOS="762"
                    WIDTH="656"
                    HEIGHT="55"
                    WC="0.9985996377773774"></String>
          </TextLine>
          <TextLine ID="eSc_line_d2287d20"
                    TAGREFS="LT8"
                    BASELINE="107 846 669 836" 
                    HPOS="106"
                    VPOS="800"
                    WIDTH="563"
                    HEIGHT="58">
            <Shape><Polygon POINTS="107 846 107 858 148 858 148 858 149 858 159 853 269 856 270 856 271 856 272 856 277 850 331 850 349 855 350 855 351 855 352 855 353 855 353 854 357 850 408 854 409 854 410 854 411 854 418 848 450 853 451 853 452 853 472 847 504 852 505 852 506 852 525 846 668 846 669 836 667 808 618 802 617 802 616 802 615 802 615 803 614 803 610 809 590 809 581 800 580 800 579 800 578 800 577 800 564 807 545 802 544 802 543 802 542 802 541 802 541 803 535 808 525 800 524 800 523 800 522 800 521 800 520 800 520 801 515 806 504 801 503 801 503 801 502 801 480 810 461 804 460 804 459 804 458 804 446 811 421 811 415 806 415 805 414 805 413 805 361 803 360 803 258 805 257 805 256 805 246 814 228 814 216 806 215 806 214 806 213 806 212 806 211 806 211 807 201 815 157 808 156 808 106 813 107 846"/></Shape>
            <String CONTENT="Que reuestir un Chrestien tout nud/"
                    HPOS="106"
                    VPOS="800"
                    WIDTH="563"
                    HEIGHT="58"
                    WC="0.989965295791626"></String>
          </TextLine>
          <TextLine ID="eSc_line_241bd241"
                    TAGREFS="LT8"
                    BASELINE="109 888 686 877" 
                    HPOS="108"
                    VPOS="841"
                    WIDTH="578"
                    HEIGHT="58">
            <Shape><Polygon POINTS="109 888 109 899 300 891 311 897 312 897 313 897 314 897 327 891 375 896 376 896 377 896 377 896 377 895 383 890 444 895 445 895 493 888 522 893 523 893 560 892 561 892 561 892 561 891 566 888 668 890 669 890 670 890 686 883 686 877 685 849 642 841 641 841 641 841 626 847 592 841 591 841 590 841 566 846 542 842 541 842 540 842 531 846 521 844 520 844 519 844 518 844 517 844 517 844 509 852 444 854 431 854 419 844 418 844 417 844 416 844 415 844 400 849 301 846 300 846 277 847 276 847 275 847 265 856 236 850 235 850 234 850 220 856 202 852 201 852 200 852 199 852 181 857 130 850 129 850 128 850 108 858 109 888"/></Shape>
            <String CONTENT="Qui pour certain iamais ne leur a nu"
                    HPOS="108"
                    VPOS="841"
                    WIDTH="578"
                    HEIGHT="58"
                    WC="0.9983253594901826"></String>
          </TextLine>
          <TextLine ID="eSc_line_822ca057"
                    TAGREFS="LT8"
                    BASELINE="143 926 763 917" 
                    HPOS="142"
                    VPOS="878"
                    WIDTH="621"
                    HEIGHT="62">
            <Shape><Polygon POINTS="759 885 744 878 743 878 743 878 742 878 607 887 477 881 476 881 475 881 474 881 466 887 455 883 454 883 453 883 452 883 451 883 451 884 445 890 394 882 390 883 387 883 374 890 345 884 344 884 343 884 326 892 299 892 289 885 289 885 280 885 271 885 266 885 265 885 261 890 252 887 251 887 251 887 142 894 143 926 143 935 148 940 148 940 149 940 150 940 183 935 202 940 203 940 204 940 267 933 362 937 363 937 390 931 411 936 412 936 412 936 413 936 435 931 442 936 443 936 444 936 445 936 446 936 461 930 502 934 503 934 531 929 545 935 546 935 547 935 572 934 572 934 573 934 580 928 637 934 638 934 751 932 752 932 763 926 763 917 762 890 759 885"/></Shape>
            <String CONTENT="Iay ueu des gẽs rythmãs sus alquemye:"
                    HPOS="142"
                    VPOS="878"
                    WIDTH="621"
                    HEIGHT="62"
                    WC="0.9966461551495087"></String>
          </TextLine>
          <TextLine ID="eSc_line_33092c68"
                    TAGREFS="LT8"
                    BASELINE="106 970 763 958" 
                    HPOS="105"
                    VPOS="922"
                    WIDTH="658"
                    HEIGHT="59">
            <Shape><Polygon POINTS="106 970 106 977 195 981 196 981 240 975 269 981 270 981 271 981 283 974 323 980 324 980 325 980 326 980 337 973 423 978 424 978 490 970 596 975 597 975 598 975 613 969 670 973 671 973 709 969 755 972 755 972 756 972 757 972 763 967 763 958 760 927 693 928 666 923 665 923 664 923 649 930 613 930 598 922 597 922 596 922 542 929 536 924 535 924 534 924 533 924 435 925 434 925 433 925 433 926 426 932 377 925 377 925 376 925 357 934 328 930 327 930 326 930 313 935 305 927 304 927 303 927 269 927 268 927 267 927 237 936 159 937 147 930 146 930 145 930 105 930 106 970"/></Shape>
            <String CONTENT="Et pour rythmer/ disoyẽt/ lart qui nest mye:"
                    HPOS="105"
                    VPOS="922"
                    WIDTH="658"
                    HEIGHT="59"
                    WC="0.9863849851820204"></String>
          </TextLine>
          <TextLine ID="eSc_line_c8fa8677"
                    TAGREFS="LT8"
                    BASELINE="106 1012 331 1004 747 999" 
                    HPOS="105"
                    VPOS="963"
                    WIDTH="642"
                    HEIGHT="60">
            <Shape><Polygon POINTS="106 1012 106 1023 263 1015 281 1020 282 1020 283 1020 284 1020 300 1015 329 1019 330 1019 379 1013 409 1013 415 1018 416 1018 417 1018 418 1018 491 1011 623 1015 624 1015 625 1015 641 1008 716 1013 717 1013 747 1005 747 999 744 964 727 969 687 963 686 963 686 963 661 970 615 963 614 963 613 963 612 963 604 969 589 964 588 964 587 964 586 964 572 971 535 964 534 964 488 965 487 965 469 973 366 967 365 967 338 971 333 968 332 968 332 968 331 968 330 968 329 968 329 969 320 975 298 970 297 970 297 970 285 977 243 977 219 970 218 970 217 970 217 970 187 979 148 979 113 971 112 971 111 971 110 971 105 974 106 1012"/></Shape>
            <String CONTENT="Uoulans monstrer q̃ lart des alquimistes"
                    HPOS="105"
                    VPOS="963"
                    WIDTH="642"
                    HEIGHT="60"
                    WC="0.993321207165718"></String>
          </TextLine>
          <TextLine ID="eSc_line_5e744dd8"
                    TAGREFS="LT8"
                    BASELINE="107 1054 323 1046 761 1040" 
                    HPOS="106"
                    VPOS="1002"
                    WIDTH="655"
                    HEIGHT="63">
            <Shape><Polygon POINTS="107 1054 107 1065 273 1057 303 1057 312 1062 313 1062 314 1062 315 1062 316 1062 317 1062 317 1061 322 1056 332 1061 333 1061 334 1061 372 1055 378 1061 379 1061 380 1061 381 1061 456 1054 544 1058 545 1058 546 1058 547 1058 553 1052 560 1058 561 1058 561 1058 562 1058 563 1058 579 1052 626 1057 627 1057 628 1057 648 1050 657 1056 658 1056 659 1056 660 1056 732 1055 733 1055 743 1050 758 1054 761 1040 760 1007 744 1002 744 1002 743 1002 742 1002 724 1009 332 1009 331 1009 297 1017 210 1018 160 1012 160 1012 159 1012 158 1012 158 1013 153 1016 148 1013 148 1013 147 1013 146 1013 106 1020 107 1054"/></Shape>
            <String CONTENT="Nest riẽs/ non plus que celuy des thomistes"
                    HPOS="106"
                    VPOS="1002"
                    WIDTH="655"
                    HEIGHT="63"
                    WC="0.9968938028270548"></String>
          </TextLine>
          <TextLine ID="eSc_line_e7b92fc3"
                    TAGREFS="LT8"
                    BASELINE="108 1094 657 1082" 
                    HPOS="107"
                    VPOS="1046"
                    WIDTH="550"
                    HEIGHT="61">
            <Shape><Polygon POINTS="108 1094 108 1107 190 1106 191 1106 216 1099 229 1105 230 1105 231 1105 232 1105 233 1105 242 1098 272 1104 273 1104 274 1104 274 1104 274 1103 275 1103 280 1097 295 1103 296 1103 297 1103 361 1096 402 1101 403 1101 404 1101 405 1101 414 1094 446 1094 474 1099 475 1099 476 1099 493 1093 515 1097 516 1097 579 1092 614 1096 615 1096 616 1096 617 1096 617 1095 618 1095 620 1091 656 1089 657 1082 655 1055 613 1055 586 1046 585 1046 584 1046 500 1057 456 1047 455 1047 426 1050 425 1050 424 1050 410 1059 376 1049 375 1049 374 1049 346 1050 345 1050 321 1061 306 1050 305 1050 304 1050 278 1050 277 1050 276 1050 275 1050 275 1051 269 1057 234 1051 233 1051 210 1052 209 1052 208 1052 190 1064 155 1057 154 1057 107 1066 108 1094"/></Shape>
            <String CONTENT="Mais si est si/ sauue leur reuerence/"
                    HPOS="107"
                    VPOS="1046"
                    WIDTH="550"
                    HEIGHT="61"
                    WC="0.9842573114343591"></String>
          </TextLine>
          <TextLine ID="eSc_line_dd42f112"
                    TAGREFS="LT8"
                    BASELINE="109 1135 339 1128 721 1123" 
                    HPOS="108"
                    VPOS="1085"
                    WIDTH="613"
                    HEIGHT="63">
            <Shape><Polygon POINTS="109 1135 109 1148 157 1148 157 1147 158 1147 180 1141 214 1146 215 1146 216 1146 230 1140 244 1145 245 1145 246 1145 247 1145 268 1139 320 1144 320 1144 354 1138 366 1143 366 1143 367 1143 368 1143 382 1137 425 1142 426 1142 427 1142 428 1142 428 1141 434 1137 471 1141 472 1141 473 1141 474 1141 481 1137 496 1141 497 1141 498 1141 499 1141 500 1141 505 1135 525 1141 526 1141 526 1141 585 1133 596 1138 597 1138 598 1138 599 1138 618 1133 690 1138 691 1138 720 1130 721 1123 717 1085 699 1090 639 1086 638 1086 637 1086 636 1086 624 1094 589 1088 588 1088 550 1095 488 1089 487 1089 486 1089 477 1094 453 1090 452 1090 451 1090 450 1090 442 1096 427 1090 426 1090 425 1090 424 1090 400 1097 390 1091 389 1091 389 1091 388 1091 343 1092 342 1092 341 1092 332 1098 321 1092 320 1092 320 1092 319 1092 318 1092 309 1099 290 1093 289 1093 288 1093 287 1093 286 1093 277 1100 232 1100 219 1094 218 1094 217 1094 217 1094 193 1102 137 1102 129 1097 128 1097 127 1097 126 1097 125 1097 108 1102 109 1135"/></Shape>
            <String CONTENT="Ilz ne font tous (croyez) que reuer/ en ce:"
                    HPOS="108"
                    VPOS="1085"
                    WIDTH="613"
                    HEIGHT="63"
                    WC="0.9913924267125684"></String>
          </TextLine>
          <TextLine ID="eSc_line_36c6a86a"
                    TAGREFS="LT8"
                    BASELINE="111 1175 453 1167 763 1165" 
                    HPOS="110"
                    VPOS="1126"
                    WIDTH="653"
                    HEIGHT="63">
            <Shape><Polygon POINTS="761 1131 754 1126 753 1126 752 1126 751 1126 750 1126 736 1131 709 1127 709 1127 629 1134 611 1129 610 1129 609 1129 514 1129 513 1129 495 1136 482 1131 481 1131 480 1131 423 1137 415 1131 414 1131 413 1131 412 1131 366 1136 343 1132 342 1132 341 1132 329 1139 296 1133 295 1133 259 1140 242 1136 241 1136 240 1136 240 1136 225 1141 110 1142 111 1175 111 1189 137 1185 164 1189 165 1189 166 1189 180 1182 212 1188 213 1188 214 1188 215 1188 227 1180 254 1180 273 1187 274 1187 274 1187 275 1187 276 1187 288 1179 344 1186 345 1186 397 1178 424 1184 425 1184 426 1184 456 1176 504 1176 518 1183 519 1183 520 1183 564 1175 595 1182 595 1182 639 1181 640 1181 641 1181 641 1180 649 1174 677 1181 678 1181 679 1181 762 1178 763 1165 762 1132 761 1131"/></Shape>
            <String CONTENT="Ie scay tresbiẽ/ q̃ plusieurs gens sen meslẽt"
                    HPOS="110"
                    VPOS="1126"
                    WIDTH="653"
                    HEIGHT="63"
                    WC="0.993097482843602"></String>
          </TextLine>
          <TextLine ID="eSc_line_b0d5e034"
                    TAGREFS="LT8"
                    BASELINE="108 1216 354 1209 761 1206" 
                    HPOS="107"
                    VPOS="1169"
                    WIDTH="654"
                    HEIGHT="59">
            <Shape><Polygon POINTS="108 1216 108 1225 165 1228 166 1228 167 1228 168 1228 177 1222 207 1222 231 1227 232 1227 321 1221 374 1224 375 1224 376 1224 377 1224 382 1220 420 1224 421 1224 446 1219 476 1223 477 1223 478 1223 479 1223 484 1219 517 1222 518 1222 519 1222 520 1222 526 1218 580 1222 581 1222 582 1222 600 1217 627 1221 628 1221 691 1217 759 1220 761 1206 759 1177 692 1172 691 1172 690 1172 668 1177 650 1169 649 1169 648 1169 647 1169 614 1178 578 1170 577 1170 508 1180 443 1172 442 1172 441 1172 428 1178 416 1173 415 1173 414 1173 376 1175 375 1175 355 1182 308 1174 307 1174 282 1175 281 1175 280 1175 272 1181 255 1175 254 1175 253 1175 252 1175 251 1175 237 1185 204 1185 179 1175 178 1175 177 1175 176 1175 175 1175 161 1185 138 1177 137 1177 137 1177 136 1177 107 1185 108 1216"/></Shape>
            <String CONTENT="Qui ny font riens/ ⁊ tresmal sen desmelent"
                    HPOS="107"
                    VPOS="1169"
                    WIDTH="654"
                    HEIGHT="59"
                    WC="0.9993293867224738"></String>
          </TextLine>
          <TextLine ID="eSc_line_16b080ec"
                    TAGREFS="LT8"
                    BASELINE="109 1258 316 1252 637 1248" 
                    HPOS="108"
                    VPOS="1210"
                    WIDTH="529"
                    HEIGHT="60">
            <Shape><Polygon POINTS="109 1258 109 1270 285 1261 329 1266 330 1266 331 1266 332 1266 341 1260 376 1264 377 1264 434 1258 443 1265 444 1265 445 1265 446 1265 503 1258 568 1263 569 1263 570 1263 571 1263 571 1262 577 1256 606 1260 607 1260 637 1255 637 1248 634 1213 565 1217 548 1211 547 1211 546 1211 516 1218 487 1210 486 1210 485 1210 484 1210 483 1210 483 1211 476 1219 465 1213 464 1213 463 1213 462 1213 448 1219 439 1212 438 1212 437 1212 436 1212 435 1212 421 1219 409 1214 408 1214 407 1214 406 1214 392 1219 386 1213 386 1212 385 1212 384 1212 383 1212 267 1214 266 1214 265 1214 255 1221 172 1216 171 1216 171 1216 154 1225 108 1225 109 1258"/></Shape>
            <String CONTENT="La faulte uient de leur gros esperit"
                    HPOS="108"
                    VPOS="1210"
                    WIDTH="529"
                    HEIGHT="60"
                    WC="0.9927404489782121"></String>
          </TextLine>
          <TextLine ID="eSc_line_8d35893e"
                    TAGREFS="LT8"
                    BASELINE="107 1300 670 1289" 
                    HPOS="106"
                    VPOS="1251"
                    WIDTH="564"
                    HEIGHT="88">
            <Shape><Polygon POINTS="107 1300 107 1339 261 1338 262 1338 263 1338 263 1337 268 1332 295 1331 296 1331 297 1331 297 1330 308 1320 321 1323 322 1323 362 1314 416 1332 417 1332 418 1332 419 1332 462 1316 506 1329 507 1329 508 1329 509 1329 546 1311 670 1308 670 1289 668 1257 616 1251 615 1251 614 1251 595 1261 530 1261 516 1253 515 1253 515 1253 514 1253 495 1254 494 1254 493 1254 481 1263 450 1263 427 1255 426 1255 425 1255 360 1255 359 1255 358 1255 343 1266 313 1266 306 1259 306 1258 305 1258 304 1258 258 1257 257 1257 240 1258 239 1258 238 1258 238 1259 229 1266 185 1264 184 1264 155 1268 132 1262 131 1262 130 1262 129 1262 106 1268 107 1300"/></Shape>
            <String CONTENT="Qui nest pas prou sage/ meur/ ⁊ perit"
                    HPOS="106"
                    VPOS="1251"
                    WIDTH="564"
                    HEIGHT="88"
                    WC="0.9775291842383307"></String>
          </TextLine>
        </TextBlock>
        <TextBlock HPOS="536"
                   VPOS="1291"
                   WIDTH="238"
                   HEIGHT="67"
                   ID="eSc_textblock_6c437ed2"
                   TAGREFS="BT17">
          <Shape><Polygon POINTS="536 1358 536 1291 774 1291 774 1358"/></Shape>
          <TextLine ID="eSc_line_cdcd91ee"
                    TAGREFS="LT8"
                    BASELINE="550 1334 757 1330" 
                    HPOS="549"
                    VPOS="1290"
                    WIDTH="208"
                    HEIGHT="68">
            <Shape><Polygon POINTS="752 1303 741 1294 733 1293 732 1292 729 1296 716 1290 715 1290 714 1290 675 1291 674 1291 673 1291 649 1306 629 1299 628 1299 627 1299 626 1299 600 1310 582 1310 569 1298 569 1297 568 1297 567 1297 566 1297 565 1297 549 1301 550 1334 550 1358 602 1349 617 1355 618 1355 618 1355 619 1355 620 1355 629 1349 654 1349 698 1358 699 1358 700 1358 720 1347 731 1357 732 1357 732 1357 733 1358 757 1358 757 1330 756 1327 752 1303"/></Shape>
            <String CONTENT="A 5 Pour"
                    HPOS="549"
                    VPOS="1290"
                    WIDTH="208"
                    HEIGHT="68"
                    WC="0.9999712184071541"></String>
          </TextLine>
        </TextBlock>
      </PrintSpace>
    </Page>
  </Layout>
</alto>
