1015 1663
456 92 174 65 Sermon

250 145 553 60 Pour desmesler matiere si profonde:

247 191 634 55 On pert le sens/ moins sage qui si fonde:

243 235 652 55 Mais uous debuez entendre ⁊ bien scauoir/

242 274 568 54 Quil en y a qui sont gens de scauoir/

246 316 621 54 Ou pour le moins/ cauteleux ⁊ bien fins/

244 357 610 52 Qui scauent bien paruenir a leurs fins.

244 398 657 51 Entre ceulx la/ toꝰ ces prestres tant mistes/

244 441 656 50 Et tãt gorriers/ sont parfaictz Alquimistes:

244 478 646 55 Et de tous ceulx/ qui de cest art sempeschẽt

249 522 640 51 Il ny a gentz qui tant bien sen despeschent

244 560 657 55 Que font ceulx la: ilz font le diable ⁊ plꝰ/

246 602 646 55 Tant seculiers/ que ceulx qui sont reclus.

250 643 647 54 Toꝰ les humains qui se aydent de la pierre

243 684 658 53 Que uoꝰ scauez/ hau/ mõsieͬ maistre pierre/

244 725 660 53 Nen font riẽs plus/ sinon qͥlz uoꝰ choisissẽt

235 763 669 63 Quelque metal commun/ qͥlz conuertissent

243 808 557 53 En un cectain aultre plus precieux/

244 847 515 54 Et mieulx au gre des auaricieux.

244 888 537 57 Mais ce prestrail de uertu indigent

244 931 514 52 Conuertit tout en or/ ⁊ en argent.

243 970 479 54 Chose ny a en ce uisible monde

243 1011 641 57 Que ce prestrail qui par tout est immonde

243 1052 575 54 (Tant conuoite la malheureuse gent)

244 1094 548 55 Ne mue soubdain en or/ ⁊ en argent/

247 1135 498 54 Par la uertu/ ou par la diablerie

245 1176 596 53 De leur uieil art/ ⁊ damnee alquimye:

250 1215 641 59 On peult dõc ueoir/ ⁊ clairemẽt cõgnoistre

248 1257 578 101 Que ce bestail en cest art est le maistre.

790 1291 111 80 Mais
