1034 1645
297 84 272 58 de la Dedicace

143 141 587 53 Mais ce nest riens de ce que ie propose:

104 178 590 58 Non seulement il fait dune autre chose

96 220 639 58 Or/ ⁊ argent. Mais (chers) entendez bien/

103 263 488 55 Or ⁊ argent il uous cree de rien.

99 304 533 56 Et quant en moy cecy ie consydere/

103 344 634 55 Ie ne puis ueoir pourquoy ce beau S. pere

98 382 604 60 Sappelle Dieu/ sinon pour ceste cause.

104 423 642 59 Ientendz tresbien que la Sorbonne cause/

99 465 644 58 Et nous produit quelques autres raisons:

99 507 588 57 Mais de cela compte nous ne faisons.

100 548 526 57 Car il ny a cil/ qui scache quil die/

97 588 639 56 Non plus quun Gey en cage/ ou une pie.

100 629 640 57 Ilz parlent tous de leur Dieu par faueur:

98 675 587 52 En leurs propos ny a riens de saueur:

98 709 624 61 Mais la raison que ie dys est bien claire/

100 752 656 53 Et a tout hõme/ qui ueult ueoir/ elle esclere.

105 791 652 62 Quãt au p̃strail/ qͥ soubz ce dieu bataille

98 833 622 58 Et ne ueut poĩt au Roys payer la taille:

101 874 654 59 Mais grãd argent font de riẽs en ces lieux:

101 916 651 60 Ie accorde bien quõ peult les nõmer dieux.

98 955 614 61 Mais pour autant que le pape de Rõme

101 997 602 60 Cree dun riens une plus lourde somme/

101 1040 506 60 Et que de luy ont leur authorite:

108 1080 496 58 Ie suis daduis quil a bien merite

100 1121 567 57 Destre appele a Rõme/ ⁊ aultre lieux

98 1162 644 61 Le plꝰ grãd Dieu/ les aultres petis dieux.

203 1203 428 56 ¶ Terribilis uere locus iste.

142 1243 476 76 Icy Chrestiens ie me sens incite

618 1284 139 71 A main¬
