1023 1656
450 92 174 53 Sermon

262 140 601 52 A maintenant uous faire une demande.

262 184 654 52 Dictes moy dõc Chrestiẽs/ ie uous demãde:

263 225 594 55 Est point ce lieu/ un bien horrible lieu/

267 269 650 53 Ou promptement pour seruir nostre Dieu

266 310 450 53 Seront receuz/ ⁊ bien salariez

264 349 560 53 Asnes/ putiers/ yurongnes/ usuriers?

267 391 650 51 Mais gens lettrez/ chastes/ de Dieu amys

265 434 645 50 Par ces messieurs iamais ny sont admis:

267 471 574 55 Ou silz y sont/ iamais cruelle enuye

266 512 614 54 Naura repos/ quilz nayent perdu la uie.

266 556 609 50 Et qui seront leurs enuyeux mauldictz?

267 595 587 54 Ce sont ceux la (⁊ point ne me gaudis)

267 636 654 53 Qui se diront leurs compaignons feables/

266 678 614 49 Et sont cruelz/ ⁊ mauuais cõme diables:

268 718 580 52 La raison est: car ilz sont tous nourris

266 757 592 53 Cruellement/ (que fussent ilz pourris)

270 800 652 53 Ilz sont nourris de sang/ ⁊ chair humaine/

266 839 612 49 Comme lon tient en lEglise Romaine.

269 885 578 48 Sesbahit on doncque si ces Romains

273 923 649 53 Sõt tant cruelz/ tãt fiers/ tant inhumains?

365 963 435 49 ¶ Terribilis uere locus iste.

309 1004 509 54 Ie mattens bien/ que ie seray cite/

273 1045 557 55 Si ces larrons scauent ce que ie dys:

269 1086 497 55 Car trop auant icy ie contredys

269 1127 658 51 Aux gros abus qͥlz font en leurs moustiers/

272 1169 646 54 Ou ie ne uoys pas bien fort uouluntiers:

270 1212 656 51 Car ie cõgnoys que ce sont lieux terribles:

272 1251 654 82 On ny fait riens selon les sainctes Bibles.

781 1297 146 65 Auecque
