1024 1656
288 88 293 65 de la Dedicace.

100 141 590 61 Auecque Dieu/ lon sert aux creatures/

103 191 647 50 Qui est tout droict/ contre leur escriptures/

103 230 654 55 Qui bien expres/ disent quon serue a Dieu

105 270 585 55 Tant seulement: mais en ce gentil lieu

103 311 578 55 Uous uoyez bien que tout on y adore/

101 354 564 52 Et ny a riens dont ce prestrail ne dore

108 396 620 52 Ses doigtz sacrez/ ie uous dy sacrileges:

109 436 524 50 Il ny a riens/ de cela ie les pleges/

103 475 583 50 Ilz sont tous gens de sacree practique:

103 517 576 53 Qui ne prent bien il leur est heretique:

108 555 455 55 Il est Luther/ il est Lutherien/

107 598 521 53 Il est meschant/ pire quun Arrien/

107 639 591 55 Il laisse aller tous les droictz de leglise.

103 680 510 54 Cela nest pas la facon ne la guise

103 721 648 55 Des urays Romains urays ecclesiastiq̃s/

103 762 651 54 Qui autremẽt sont nommez Catholiques.

104 804 540 51 Ostez ostez (disent tous ces Ragos)

110 844 549 53 Iettez le au feu/ car il sent ses fagotz.

184 884 431 56 ¶ Terribilis uere locus iste.

141 924 563 56 Lhomme est heureux qui aura resiste

104 968 632 53 A ces moustiers/ pour leur credit abbattre.

103 1008 655 53 Maĩt bõ Chrestiẽ poͬ uray sẽ est fait battre

106 1050 650 53 Iusque a la mort: tesmoing le bõ Estienne:

105 1091 638 55 Et Dieu me doint que son party ie tienne.

150 1132 610 55 Mais ie uoꝰ pry/ nest pas ce lieu terrible/

106 1171 546 55 Puant/ infect perilleux ⁊ horrible/

113 1213 633 55 Ou ce prestrail/ iour ⁊ nuict parle ⁊ chante

107 1254 572 70 En perroquet. Et sans honte se uante

666 1289 92 68 Que
