1038 1650
495 88 167 55 Sermon

287 130 644 65 Que de uray pain il fait Christ hõe ⁊ dieu:

286 176 590 59 Quand il la fait/ tout en ce mesme lieu

289 220 538 58 Sans differer/ en troys il le dessire:

287 260 599 59 Puis en son sang il plonge le beau sire:

289 302 472 57 Et cela fait/ il le met en prison

288 342 553 55 En ce moustier/ pour tenir garnison:

288 385 529 55 Apres cela/ deuant tous il le prent:

287 425 526 53 Finablement a fins deniers le uent

287 463 612 58 Quant il la mis bien finement en paste/

288 507 520 57 Ou bien souuent il perit ⁊ se gaste.

287 550 519 55 Aucunesfoys la uermine le ronge/

292 589 595 57 (Il est tout uray/ ne pensez que ie songe)

287 631 596 56 A laultre foys un uieil Singe se range

287 672 534 55 A sen aller en un moustier/ ⁊ mange

289 711 638 57 Ce Dieu de pain. Et quãd ilz peuẽt prẽdre

294 752 625 57 Singe/ souris/ ou Rat/ qui entreprendre

287 793 576 56 A bien ose de manger leur beau Dieu:

292 833 605 58 Soubdainement ĩlz cõdamnent au feu/

290 876 577 55 Non seulement la malheureuse beste/

288 914 633 57 Mais Dieu aussi: et puis en font la feste.

289 960 652 53 Uoyla comment p̃stres traictẽt leur Dieu:

289 999 499 54 En la parfin ilz le iectent au feu.

315 1038 631 58 Mais scauoꝰ quoy? poͬ toutes ces iniures

289 1081 654 59 Et griefz/ ⁊ tortz qͥ sont tresgrãdz (ien iures)

288 1124 514 54 Une foys lan ilz le portent iouer/

289 1163 563 57 Et en chantant ilz le uous font rouer

294 1203 595 58 Tout a lentour du uillage ou parroisse

292 1244 645 104 Puis chascũ scait/ q̃ quãd ilz disent messe/

865 1289 78 66 Il le
