1011 1660
291 84 286 63 de la Dedicace.

116 130 600 70 Il le uous font tous danser sur le poing:

105 177 645 65 Et puis apres uous en monstrent un coing

102 219 650 64 A ceulx qui sont/ en ce moustier tout mucre/

107 261 616 62 Ou ces messieurs leur font faire le sucre:

105 304 615 55 Puis en chantant ilz le flattẽt ⁊ baisent:

98 343 641 64 Et par ainsi leur paoure Dieu appaisent.

137 387 603 56 Uoyla Chrestiens aucune des raisons/

97 429 651 58 Poͬquoy moustiers/ qͥ sont plaĩs de poisõs/

97 468 532 55 Sont baptisez/ ⁊ appellez terribles.

95 509 580 57 On les pouoit bien appeller horribles.

131 549 553 58 Quand a bastir ce sermon ie me pris

100 591 559 57 Ie ne uouloye/ ⁊ oncques nentrepris

97 634 553 53 A deschiffrer trestoutes les raisons

95 671 654 63 Pourquoy moustiers qͥ sont belles maisons

91 713 619 60 Achatz huans/ furent nommez terribles:

93 758 619 58 Ieusse entrepris choses bien impossibles/

91 794 615 61 Mais ie uouloye en suyuant lescripture

92 837 587 57 Uous proposer une briefue ouuerture/

93 879 654 59 Dõt uoꝰ puissiez ueoir les aultres raisons

93 921 623 59 Poͬquoy ce lieu dont si grãd cas faisons

90 963 553 55 Est iustement dict ⁊ nomme terrible:

90 1004 613 53 Mais de tout riens/ si ne uoyez la bible:

92 1043 655 60 Donc sil uous plaist uous uerrez/ ⁊ de pres

93 1085 562 60 Les grandz abus qui sont icy expres:

89 1129 533 54 Et par ceulx cy des aultres iugerez

91 1168 552 55 Pour laduenir ⁊ bien uous garderez

90 1209 647 59 De ces larrõs qui sont en si grand nombre/

88 1252 652 73 Et soubz le nom/ soubz le pretexte ⁊ umbre

673 1304 69 78 De
