1060 1696
457 59 190 75 Sermon

269 124 645 61 De Dieu uiuant/ des sainctz/ ⁊ de lEglise

277 171 635 52 Ont sait damner (quelque chose quon lise)

271 212 647 57 Aux froictz Canõs maĩte fẽme ⁊ maint hõe

273 252 555 57 Qui se fioyent a lEglise de Rome.

273 283 644 70 Quand uous uerrez ces larrons se planter

272 338 566 54 Au beau milieu du moustier/ ⁊ chanter

275 376 511 55 Terribilis locus iste. Pensez

277 417 571 55 En uostre coeur/ ⁊ souuent repensez:

274 456 648 56 Puis que ainsi est/ que ce p̃strail luymesme

273 497 646 60 Qui est gresse ⁊ marque du sainct Chresme

270 539 555 56 Confesse ⁊ dit/ que ce lieu est terrible:

269 581 666 56 En doubtons nous? ah il nest pas possible

271 621 538 56 Quil ne le soit: car leglise de Rome

269 664 635 56 Qui sans parler ne ment ainsi le nomme.

269 704 581 55 Or les raisons pourquoy il est terrible

265 745 644 54 Uous les uoyez icy/ mieulx en la Bible:

265 785 652 57 Et Dieu nous doint a tous si bien les ueoir

268 828 639 63 Que par son Christ salut puissions auoir.

523 908 120 66 Amen.

431 1030 327 63 Fin du Sermon de la

515 1072 159 65 Dedicace.
