1054 1657
234 122 458 83 ¶ Sermon du iour de la

368 176 175 71 Dedicace.

258 243 439 49 ¶ Terribilis uere locus iste.

315 287 461 72 Euple Chrestiẽ/ ce q̃ iay recite/

316 343 462 56 Et ꝓpose deuãt uoz reuerẽces/

314 382 465 70 Uault tout autant (au moins

351 420 239 57 cõme ie penses)

319 450 457 71 Mis en francoys/ cõe il fait en

672 513 102 54 (latin

114 499 551 57 Quẽ diriez uoꝰ/ mõsieͬ maistre martĩ

117 545 555 55 Et en latin il ne uault de rien mieux

117 587 656 56 Quẽ bõ frãcoys/ quoy quẽ disent les dieux:

118 629 658 60 Quãd tout est dict/ sans q̃ riens desguisiõs

117 671 597 60 Il uault autant comme si nous disions

114 714 473 44 A dire uray/ cest un terrible lieu

117 747 652 62 Que le moustier/ quõ dit la maison Dieu:

115 792 624 59 Mais de scauoir que ce lieu soit terrible/

114 830 569 56 Cest peu de cas: il fault sil est possible

120 872 581 54 Scauoir pourquoy il est ainsi nomme:

115 915 623 54 Car sur ma foy/ il nest point mesnomme/

118 957 602 51 Et les parrains qui ainsi le nommerent

117 996 616 55 Estoyent bien gens qui uerite aymerent/

117 1039 651 57 Ou cestoyent gens/ qui noꝰ prophetisoyẽt/

115 1078 593 54 Comme iadis les Pontifes faisoyent/

120 1118 625 55 Non entendantz ce que lEsperit Sainct

119 1163 655 53 Disoit par eulx/ qui auoyẽt le coeur fainct.

118 1202 638 61 Uraymẽt ce lieu sur tout autre est terrible/

120 1241 542 84 Puant/ infect/ ord/ ⁊ sale ⁊ horrible:

563 1287 205 79 A 2 Non

133 284 170 228 P
