<?xml version="1.0" encoding="UTF-8"?>
<alto xmlns:xsi="http://www.w3.org/2001/XMLSchema-instance"
      xmlns="http://www.loc.gov/standards/alto/ns-v4#"
      xsi:schemaLocation="http://www.loc.gov/standards/alto/ns-v4# http://www.loc.gov/standards/alto/v4/alto-4-2.xsd">
  <Description>
    <MeasurementUnit>pixel</MeasurementUnit>
    <sourceImageInformation>
      <fileName>9_0eb87_default.jpg</fileName>
      <fileIdentifier>https://iiif.onb.ac.at/images/ABO/Z155805804/00000010/full/full/0/default.jpg</fileIdentifier>
    </sourceImageInformation>
  </Description>
  <Tags>
    <OtherTag ID="BT7" LABEL="CustomZone" DESCRIPTION="block type CustomZone"/><OtherTag ID="BT8" LABEL="DamageZone" DESCRIPTION="block type DamageZone"/><OtherTag ID="BT9" LABEL="DigitizationArtefactZone" DESCRIPTION="block type DigitizationArtefactZone"/><OtherTag ID="BT10" LABEL="DropCapitalZone" DESCRIPTION="block type DropCapitalZone"/><OtherTag ID="BT11" LABEL="GraphicZone" DESCRIPTION="block type GraphicZone"/><OtherTag ID="BT12" LABEL="MainZone" DESCRIPTION="block type MainZone"/><OtherTag ID="BT13" LABEL="MarginTextZone" DESCRIPTION="block type MarginTextZone"/><OtherTag ID="BT14" LABEL="MusicZone" DESCRIPTION="block type MusicZone"/><OtherTag ID="BT15" LABEL="NumberingZone" DESCRIPTION="block type NumberingZone"/><OtherTag ID="BT17" LABEL="QuireMarksZone" DESCRIPTION="block type QuireMarksZone"/><OtherTag ID="BT18" LABEL="RunningTitleZone" DESCRIPTION="block type RunningTitleZone"/><OtherTag ID="BT19" LABEL="SealZone" DESCRIPTION="block type SealZone"/><OtherTag ID="BT20" LABEL="StampZone" DESCRIPTION="block type StampZone"/><OtherTag ID="BT21" LABEL="TableZone" DESCRIPTION="block type TableZone"/><OtherTag ID="BT22" LABEL="TitlePageZone" DESCRIPTION="block type TitlePageZone"/>
    <OtherTag ID="LT7" LABEL="CustomLine" DESCRIPTION="line type CustomLine"/><OtherTag ID="LT8" LABEL="DefaultLine" DESCRIPTION="line type DefaultLine"/><OtherTag ID="LT9" LABEL="DropCapitalLine" DESCRIPTION="line type DropCapitalLine"/><OtherTag ID="LT10" LABEL="HeadingLine" DESCRIPTION="line type HeadingLine"/><OtherTag ID="LT11" LABEL="InterlinearLine" DESCRIPTION="line type InterlinearLine"/><OtherTag ID="LT12" LABEL="MusicLine" DESCRIPTION="line type MusicLine"/><OtherTag ID="LT1255" LABEL="default" DESCRIPTION="line type default"/>
  </Tags>
  <Layout>
    <Page WIDTH="1042"
          HEIGHT="1650"
          PHYSICAL_IMG_NR="9"
          ID="eSc_dummypage_">
      <PrintSpace HPOS="0"
                  VPOS="0"
                  WIDTH="1042"
                  HEIGHT="1650">
        <TextBlock HPOS="436"
                   VPOS="50"
                   WIDTH="238"
                   HEIGHT="77"
                   ID="eSc_textblock_41211175"
                   TAGREFS="BT18">
          <Shape><Polygon POINTS="436 50 436 127 674 127 674 50"/></Shape>
          <TextLine ID="eSc_line_9c6fb6cb"
                    TAGREFS="LT10"
                    BASELINE="465 111 631 109" 
                    HPOS="465"
                    VPOS="67"
                    WIDTH="166"
                    HEIGHT="62">
            <Shape><Polygon POINTS="611 76 602 75 599 75 597 77 543 77 535 71 534 71 533 71 532 71 531 71 524 76 511 67 509 67 491 67 482 70 473 73 465 76 465 111 465 121 481 129 482 129 483 129 578 119 597 129 598 129 631 128 631 109 627 83 620 77"/></Shape>
            <String CONTENT="Sermon"
                    HPOS="465"
                    VPOS="67"
                    WIDTH="166"
                    HEIGHT="62"
                    WC="0.9998647669951121"></String>
          </TextLine>
        </TextBlock>
        <TextBlock HPOS="233"
                   VPOS="127"
                   WIDTH="721"
                   HEIGHT="1154"
                   ID="eSc_textblock_45eca48e"
                   TAGREFS="BT12">
          <Shape><Polygon POINTS="233 127 233 1281 954 1281 954 127"/></Shape>
          <TextLine ID="eSc_line_40e8f5fc"
                    TAGREFS="LT8"
                    BASELINE="250 165 589 157 882 161" 
                    HPOS="249"
                    VPOS="121"
                    WIDTH="633"
                    HEIGHT="57">
            <Shape><Polygon POINTS="873 133 864 133 854 132 845 132 836 132 827 131 818 131 809 130 799 129 790 129 781 128 772 127 763 127 753 126 753 125 750 127 741 125 735 125 726 124 717 124 713 123 704 127 699 122 698 122 689 122 680 121 676 121 675 121 674 121 656 130 523 130 513 123 512 123 511 123 510 123 509 123 487 131 465 131 458 124 457 124 456 124 399 124 398 124 397 124 396 124 387 131 356 124 355 124 354 124 339 131 325 125 324 125 323 125 322 125 303 132 295 125 294 125 293 125 292 125 249 129 250 165 250 177 294 171 310 177 311 177 312 178 344 178 344 177 345 177 346 177 357 170 410 176 410 176 411 176 429 171 442 176 443 176 443 176 480 176 481 176 482 176 491 169 603 175 604 175 605 175 619 167 675 167 687 173 687 173 688 173 689 173 698 169 742 174 742 174 743 174 744 174 754 166 781 166 880 173 882 161 874 133 873 133"/></Shape>
            <String CONTENT="Non pas de soy: mais pour les gros abuz"
                    HPOS="249"
                    VPOS="121"
                    WIDTH="633"
                    HEIGHT="57"
                    ></String>
          </TextLine>
          <TextLine ID="eSc_line_88a1e0ac"
                    TAGREFS="LT8"
                    BASELINE="254 207 449 199 803 198" 
                    HPOS="254"
                    VPOS="164"
                    WIDTH="549"
                    HEIGHT="54">
            <Shape><Polygon POINTS="254 207 254 217 290 218 291 218 292 218 310 211 316 215 317 215 318 215 319 215 320 215 321 215 326 210 358 217 359 217 421 211 486 215 487 215 487 215 488 215 488 214 495 208 546 208 587 208 595 214 596 214 597 214 598 214 598 214 614 207 685 213 686 213 687 213 706 206 757 212 758 212 790 211 791 211 792 211 803 204 803 198 801 172 779 172 773 165 773 165 772 165 771 165 770 165 769 165 755 172 731 172 719 164 718 164 717 164 647 164 646 164 645 164 644 164 631 174 612 175 551 175 545 169 544 169 543 169 543 169 542 169 541 169 541 170 540 170 536 175 516 170 515 170 514 170 498 175 477 168 476 168 476 168 442 176 419 166 418 166 417 166 416 166 376 176 365 167 365 167 364 167 363 167 326 170 325 170 324 170 324 171 323 171 319 176 291 168 290 168 289 168 254 174 254 207"/></Shape>
            <String CONTENT="Que font leans ces gros Asinabus."
                    HPOS="254"
                    VPOS="164"
                    WIDTH="549"
                    HEIGHT="54"
                    ></String>
          </TextLine>
          <TextLine ID="eSc_line_8e53a29c"
                    TAGREFS="LT8"
                    BASELINE="295 244 593 240 902 242" 
                    HPOS="294"
                    VPOS="207"
                    WIDTH="608"
                    HEIGHT="49">
            <Shape><Polygon POINTS="295 244 295 252 370 256 371 256 410 252 426 256 427 256 428 256 451 252 478 256 479 256 480 256 498 252 503 256 504 256 505 256 506 256 507 256 529 251 565 255 566 255 567 255 579 251 623 255 624 255 667 251 680 255 681 255 682 255 683 255 692 251 706 254 707 254 708 254 709 254 719 250 790 250 900 254 902 242 900 207 781 212 762 207 761 207 760 207 695 213 679 207 678 207 677 207 676 207 658 212 652 207 651 207 650 207 589 207 588 207 587 207 587 207 579 213 549 207 548 207 547 207 526 213 490 208 489 208 488 208 474 214 318 208 317 208 316 208 294 215 295 244"/></Shape>
            <String CONTENT="Or pour autant quon dit communemẽt"
                    HPOS="294"
                    VPOS="207"
                    WIDTH="608"
                    HEIGHT="49"
                    WC="0.9758737308638437"></String>
          </TextLine>
          <TextLine ID="eSc_line_1ec63772"
                    TAGREFS="LT8"
                    BASELINE="256 286 848 280" 
                    HPOS="256"
                    VPOS="244"
                    WIDTH="592"
                    HEIGHT="52">
            <Shape><Polygon POINTS="256 296 847 292 848 280 846 251 721 244 720 244 720 244 703 251 604 245 603 245 602 245 587 252 553 245 552 245 551 245 535 253 498 246 497 246 496 246 495 246 487 253 454 248 454 248 422 253 402 247 401 247 400 247 368 253 357 249 356 249 355 249 311 253 297 248 296 248 295 248 294 248 276 254 256 249 256 286 256 296"/></Shape>
            <String CONTENT="(Et on dit uray/ ou la commune ment)"
                    HPOS="256"
                    VPOS="244"
                    WIDTH="592"
                    HEIGHT="52"
                    ></String>
          </TextLine>
          <TextLine ID="eSc_line_0537775f"
                    TAGREFS="LT8"
                    BASELINE="256 328 471 323 906 323" 
                    HPOS="255"
                    VPOS="287"
                    WIDTH="651"
                    HEIGHT="54">
            <Shape><Polygon POINTS="256 328 256 338 392 334 404 340 405 340 406 341 475 341 475 340 541 333 550 339 551 339 552 339 553 340 586 340 586 339 628 333 661 339 662 339 735 332 889 338 890 338 891 338 906 331 906 323 903 287 883 293 864 287 864 287 863 287 833 292 814 287 813 287 812 287 811 287 810 287 803 293 797 287 796 287 795 287 794 287 793 287 778 294 736 294 713 287 712 287 711 287 710 287 691 294 665 288 665 288 622 294 485 290 484 290 483 290 471 295 458 290 457 290 456 290 368 295 354 289 354 289 353 289 352 289 351 289 342 296 311 296 299 289 299 289 298 289 255 289 256 328"/></Shape>
            <String CONTENT="Que les prescheurs qui Marie ne saluent"
                    HPOS="255"
                    VPOS="287"
                    WIDTH="651"
                    HEIGHT="54"
                    WC="0.9834174192868747"></String>
          </TextLine>
          <TextLine ID="eSc_line_294bfc4d"
                    TAGREFS="LT8"
                    BASELINE="254 368 638 364 916 368" 
                    HPOS="253"
                    VPOS="330"
                    WIDTH="663"
                    HEIGHT="53">
            <Shape><Polygon POINTS="254 368 254 380 278 376 298 383 299 383 299 383 338 376 390 376 412 383 413 383 414 383 415 383 440 376 481 376 488 381 489 381 490 381 491 381 544 376 562 383 563 383 564 383 604 378 660 383 661 383 662 383 663 383 674 376 739 376 769 383 770 383 827 377 915 382 916 368 914 333 832 337 812 330 811 330 742 330 742 330 741 330 728 337 720 330 720 330 719 330 665 330 665 330 619 338 609 330 608 330 607 330 589 330 588 330 587 330 587 330 577 338 515 332 514 332 513 332 512 332 506 339 466 339 457 332 456 332 455 332 454 332 429 336 418 330 417 330 416 330 415 330 414 330 406 338 368 338 359 330 358 330 357 330 324 330 323 330 322 330 321 330 311 338 271 331 270 331 269 331 253 337 254 368"/></Shape>
            <String CONTENT="En leurs sermons/ en Lutheriens se muent."
                    HPOS="253"
                    VPOS="330"
                    WIDTH="663"
                    HEIGHT="53"
                    ></String>
          </TextLine>
          <TextLine ID="eSc_line_2dda9a6b"
                    TAGREFS="LT8"
                    BASELINE="257 407 754 405" 
                    HPOS="256"
                    VPOS="371"
                    WIDTH="498"
                    HEIGHT="51">
            <Shape><Polygon POINTS="257 407 257 414 299 414 307 421 307 422 308 422 309 422 310 422 346 414 357 414 365 421 365 422 366 422 367 422 368 422 369 422 399 415 409 422 410 422 410 422 411 422 412 422 439 415 470 422 471 422 472 422 473 422 481 417 486 420 486 421 487 421 487 421 488 421 489 421 507 414 538 420 539 420 540 420 566 413 618 413 631 420 632 420 633 420 634 420 635 420 642 416 651 421 652 421 653 421 654 421 753 420 754 405 753 375 741 371 740 371 739 371 738 371 737 371 731 377 708 377 696 372 695 372 694 372 693 372 676 376 671 372 670 372 669 372 668 372 628 376 601 371 600 371 565 376 559 371 558 371 557 371 526 371 525 371 493 376 476 372 476 372 475 372 474 372 460 377 385 377 376 372 376 372 375 372 374 372 256 375 257 407"/></Shape>
            <String CONTENT="Pour uous oster totalle occasion"
                    HPOS="256"
                    VPOS="371"
                    WIDTH="498"
                    HEIGHT="51"
                    ></String>
          </TextLine>
          <TextLine ID="eSc_line_69774a0b"
                    TAGREFS="LT8"
                    BASELINE="262 449 751 443" 
                    HPOS="261"
                    VPOS="411"
                    WIDTH="490"
                    HEIGHT="53">
            <Shape><Polygon POINTS="262 449 262 461 300 459 327 464 328 464 329 464 330 464 338 459 433 462 434 462 468 457 504 462 505 462 562 456 576 462 577 462 578 462 579 462 580 462 588 455 624 461 625 461 656 456 666 461 667 461 668 461 703 454 710 460 711 460 712 460 713 461 741 461 741 460 742 460 742 460 751 453 751 443 749 418 707 418 700 412 700 411 699 411 698 411 698 411 697 411 666 419 598 419 585 413 584 413 583 413 582 413 570 419 557 413 556 413 555 413 474 419 438 414 437 414 436 414 435 414 435 415 429 420 410 415 410 415 409 415 343 421 261 418 262 449"/></Shape>
            <String CONTENT="Dauoir de moy si fole opinion:"
                    HPOS="261"
                    VPOS="411"
                    WIDTH="490"
                    HEIGHT="53"
                    WC="0.9991131325562795"></String>
          </TextLine>
          <TextLine ID="eSc_line_4ae2c33b"
                    TAGREFS="LT8"
                    BASELINE="260 490 783 484" 
                    HPOS="259"
                    VPOS="450"
                    WIDTH="524"
                    HEIGHT="56">
            <Shape><Polygon POINTS="260 490 260 500 268 506 269 506 270 506 271 506 272 506 288 498 310 503 310 503 311 503 321 498 337 506 338 506 339 506 340 506 341 506 352 497 376 503 377 503 439 496 520 504 521 504 521 504 541 495 563 495 571 502 571 503 572 503 573 503 574 503 605 497 658 502 659 502 660 502 672 495 691 502 692 502 693 502 694 502 695 502 695 501 703 494 722 501 723 501 724 502 759 502 759 501 760 501 783 492 783 484 780 457 717 457 705 450 704 450 703 450 702 450 701 450 682 459 576 459 567 452 567 451 566 451 565 451 565 451 540 456 527 451 526 451 525 451 524 451 508 461 476 461 468 453 468 452 467 452 466 452 452 452 451 452 399 459 386 453 385 453 384 453 333 454 332 454 314 462 293 454 292 454 259 454 260 490"/></Shape>
            <String CONTENT="Presentons luy salut accoustume"
                    HPOS="259"
                    VPOS="450"
                    WIDTH="524"
                    HEIGHT="56"
                    WC="0.9999527911986074"></String>
          </TextLine>
          <TextLine ID="eSc_line_aaaeabb4"
                    TAGREFS="LT8"
                    BASELINE="260 532 411 528 853 528" 
                    HPOS="259"
                    VPOS="491"
                    WIDTH="594"
                    HEIGHT="65">
            <Shape><Polygon POINTS="846 502 843 500 810 500 794 491 793 491 792 491 791 491 790 491 760 501 729 501 719 492 719 491 718 491 717 491 705 491 704 491 703 491 702 491 702 492 693 500 680 492 679 492 678 492 677 492 676 492 676 492 676 493 666 501 603 501 546 491 545 491 544 491 525 501 454 492 427 492 426 492 425 492 413 498 382 493 381 493 380 493 366 499 353 492 352 492 351 492 350 492 349 492 339 498 288 492 288 492 287 492 259 502 260 532 260 556 357 556 357 555 358 555 359 555 365 550 385 555 386 555 387 555 387 555 388 555 403 542 424 538 520 546 521 546 521 546 541 538 573 545 574 545 575 545 597 537 618 542 619 542 620 542 675 537 689 547 690 547 691 547 692 547 693 547 694 547 698 543 708 551 708 552 709 552 709 552 710 552 711 552 737 539 750 550 751 550 752 550 753 550 753 550 754 550 774 537 806 553 807 553 808 554 853 554 853 528 851 505 846 502"/></Shape>
            <String CONTENT="Et sans raison rythmans/ disons Aue."
                    HPOS="259"
                    VPOS="491"
                    WIDTH="594"
                    HEIGHT="65"
                    WC="0.9997332973612679"></String>
          </TextLine>
          <TextLine ID="eSc_line_03964a0d"
                    TAGREFS="LT10"
                    BASELINE="387 571 820 568" 
                    HPOS="387"
                    VPOS="532"
                    WIDTH="433"
                    HEIGHT="60">
            <Shape><Polygon POINTS="387 581 519 581 542 591 543 591 543 592 675 592 675 591 704 588 705 588 706 588 706 587 715 579 753 579 764 589 764 590 765 590 766 590 767 591 804 591 804 590 805 590 806 590 820 578 820 568 819 542 796 542 784 534 783 534 782 534 781 534 780 534 779 534 768 541 697 541 678 532 677 532 676 532 675 532 663 543 634 543 615 533 614 533 594 533 593 533 592 533 574 542 547 533 546 533 545 533 544 533 519 539 406 534 405 534 404 534 387 543 387 571"/></Shape>
            <String CONTENT="¶ Terribilis uere locus iste."
                    HPOS="387"
                    VPOS="532"
                    WIDTH="433"
                    HEIGHT="60"
                    WC="0.9807699795426994"></String>
          </TextLine>
          <TextLine ID="eSc_line_304e1f22"
                    TAGREFS="LT8"
                    BASELINE="381 609 871 611" 
                    HPOS="380"
                    VPOS="576"
                    WIDTH="491"
                    HEIGHT="55">
            <Shape><Polygon POINTS="381 609 380 618 402 619 412 627 413 627 414 627 415 627 416 627 417 627 425 621 500 620 509 627 509 628 509 628 510 628 511 628 512 628 531 620 536 626 537 626 538 626 539 626 540 626 554 622 576 629 577 629 626 630 627 631 689 631 689 630 690 630 691 630 691 629 699 622 706 627 707 627 708 627 709 627 709 627 729 621 738 629 738 630 739 630 740 630 741 630 742 630 771 621 796 630 797 630 798 630 838 621 869 624 871 611 870 587 855 587 842 577 841 577 840 577 839 577 791 586 733 586 728 581 728 580 727 580 726 580 725 580 724 580 698 587 677 587 669 580 668 580 667 580 666 580 665 580 665 580 655 586 639 586 633 582 633 581 632 581 631 581 631 581 630 581 620 586 558 586 532 576 532 576 457 576 456 576 455 576 434 585 425 577 425 576 424 576 423 576 408 576 407 576 406 576 405 576 405 577 395 585 381 585 381 609"/></Shape>
            <String CONTENT="Cest ut supra/ comme iay recite."
                    HPOS="380"
                    VPOS="576"
                    WIDTH="491"
                    HEIGHT="55"
                    WC="0.9653304051607847"></String>
          </TextLine>
          <TextLine ID="eSc_line_d68af1d3"
                    TAGREFS="LT8"
                    BASELINE="299 651 862 649" 
                    HPOS="298"
                    VPOS="612"
                    WIDTH="564"
                    HEIGHT="59">
            <Shape><Polygon POINTS="299 651 299 660 369 660 375 665 375 666 376 666 376 666 377 666 378 666 388 663 395 669 395 670 396 670 397 670 398 671 418 671 418 670 419 670 453 660 491 660 507 667 508 667 509 667 509 667 522 663 538 670 539 670 578 671 579 671 630 668 631 668 631 668 640 662 654 670 654 670 655 671 693 671 693 670 694 670 695 670 695 669 700 663 743 659 754 659 769 669 770 669 771 669 772 669 773 669 774 669 774 668 785 659 795 659 806 669 806 670 807 670 808 670 809 671 824 671 824 670 825 670 862 658 862 649 860 627 846 627 836 618 835 618 834 618 833 618 832 618 831 618 831 619 823 627 771 627 756 620 755 620 754 620 753 620 753 620 753 621 747 627 720 613 720 613 719 613 718 613 717 613 698 627 547 627 531 613 531 612 530 612 529 612 528 612 527 612 526 612 509 626 491 616 490 616 489 616 453 622 440 616 439 616 438 616 437 616 436 616 428 621 403 612 402 612 401 612 400 612 399 612 384 626 367 612 366 612 365 612 365 612 298 612 299 651"/></Shape>
            <String CONTENT="Peuple seduict/ quon appelle deuot/"
                    HPOS="298"
                    VPOS="612"
                    WIDTH="564"
                    HEIGHT="59"
                    WC="0.9866109166826521"></String>
          </TextLine>
          <TextLine ID="eSc_line_3df89d60"
                    TAGREFS="LT8"
                    BASELINE="256 695 868 691" 
                    HPOS="255"
                    VPOS="654"
                    WIDTH="613"
                    HEIGHT="59">
            <Shape><Polygon POINTS="256 695 256 703 325 703 354 712 355 712 356 712 357 712 358 712 367 705 387 708 387 708 388 708 406 702 425 708 426 708 427 708 428 708 442 703 446 707 447 707 448 707 449 707 493 705 494 705 495 705 501 701 520 701 538 710 539 710 540 710 598 703 616 709 617 709 618 709 663 703 676 709 677 709 678 709 679 709 680 709 694 700 711 712 712 712 713 712 714 713 744 713 744 712 745 712 793 699 806 710 806 711 807 711 808 711 809 711 868 710 868 691 867 665 841 655 840 655 839 655 838 655 837 655 821 665 776 660 775 660 775 660 774 660 765 665 744 654 743 654 742 654 726 655 725 655 724 655 711 666 622 661 621 661 620 661 620 661 609 668 557 668 526 656 525 656 524 656 523 656 492 668 446 668 431 657 430 657 429 657 428 657 399 663 386 657 385 657 384 657 383 657 371 661 340 658 339 658 338 658 337 658 327 667 310 668 298 658 297 658 296 658 255 658 256 695"/></Shape>
            <String CONTENT="Ueulx tu scauoir pourquoy est si teuot/"
                    HPOS="255"
                    VPOS="654"
                    WIDTH="613"
                    HEIGHT="59"
                    WC="0.9855990195885683"></String>
          </TextLine>
          <TextLine ID="eSc_line_aaa50096"
                    TAGREFS="LT8"
                    BASELINE="260 736 809 732" 
                    HPOS="259"
                    VPOS="699"
                    WIDTH="550"
                    HEIGHT="55">
            <Shape><Polygon POINTS="260 736 261 754 285 745 309 749 310 749 310 749 321 745 402 745 417 751 418 751 419 751 420 751 439 744 458 752 459 752 460 752 495 750 496 750 497 750 504 744 517 748 518 748 519 748 520 748 528 744 536 751 537 751 538 751 539 751 568 747 600 751 601 751 602 751 629 743 669 743 695 750 696 750 697 751 725 751 725 750 726 750 739 743 747 750 748 750 749 750 750 750 809 746 809 732 808 707 791 707 781 699 780 699 779 699 778 699 777 699 753 707 700 707 685 699 684 699 683 699 682 699 665 708 655 708 648 701 648 700 647 700 646 700 645 700 613 707 591 703 590 703 543 707 537 702 537 701 536 701 535 701 534 701 533 701 532 701 520 709 497 709 484 701 483 701 482 701 468 701 467 701 466 701 465 701 465 702 458 708 276 702 275 702 274 702 259 709 260 736"/></Shape>
            <String CONTENT="Si furieux/ espouantable/ horrible"
                    HPOS="259"
                    VPOS="699"
                    WIDTH="550"
                    HEIGHT="55"
                    WC="0.9805641647647408"></String>
          </TextLine>
          <TextLine ID="eSc_line_6d4b187a"
                    TAGREFS="LT8"
                    BASELINE="256 776 862 772" 
                    HPOS="255"
                    VPOS="738"
                    WIDTH="607"
                    HEIGHT="56">
            <Shape><Polygon POINTS="256 776 256 785 332 785 340 792 340 792 341 792 342 792 343 792 343 792 354 788 374 794 375 794 376 794 376 794 408 784 419 784 428 792 428 792 429 792 430 792 431 792 432 792 432 792 444 784 481 792 482 792 529 784 563 791 564 791 565 791 579 784 595 792 596 792 597 792 598 792 615 784 631 792 632 792 633 793 660 793 660 792 661 792 687 785 719 792 720 792 789 792 789 792 790 792 810 784 837 789 838 789 839 789 862 782 862 772 860 738 822 738 821 738 820 738 798 748 745 748 738 742 737 742 736 742 735 742 734 742 733 742 727 748 693 748 684 741 683 741 682 741 681 741 680 741 665 748 649 741 648 741 647 741 646 741 631 748 611 744 610 744 609 744 609 744 608 744 602 749 546 750 528 750 514 740 513 740 512 740 479 740 478 740 477 740 476 740 476 741 467 749 448 741 447 741 446 741 445 741 428 748 411 743 410 743 410 743 409 743 408 743 399 749 383 741 382 741 381 741 380 741 365 748 346 741 345 741 344 741 314 747 308 741 307 741 306 741 281 741 280 741 279 741 255 750 256 776"/></Shape>
            <String CONTENT="Ce beau moustier/ ou ainsi lon te crible?"
                    HPOS="255"
                    VPOS="738"
                    WIDTH="607"
                    HEIGHT="56"
                    ></String>
          </TextLine>
          <TextLine ID="eSc_line_62c6ea84"
                    TAGREFS="LT8"
                    BASELINE="259 818 509 814 919 816" 
                    HPOS="258"
                    VPOS="781"
                    WIDTH="661"
                    HEIGHT="52">
            <Shape><Polygon POINTS="911 786 839 781 838 781 837 781 836 781 827 789 733 789 715 781 714 781 677 781 676 781 676 781 661 788 620 781 620 781 619 781 618 781 618 782 610 789 596 789 570 781 569 781 568 781 536 788 516 781 515 781 514 781 513 781 512 781 506 785 494 781 493 781 492 781 431 785 393 781 392 781 359 787 338 781 337 781 283 781 282 781 281 781 258 789 259 818 259 829 304 824 355 830 356 830 357 830 376 824 394 832 395 832 396 832 415 831 416 831 417 831 417 830 425 824 456 830 457 830 458 830 474 824 595 824 623 832 624 832 625 833 663 833 663 832 664 832 676 826 726 832 727 832 728 832 729 832 739 824 775 832 776 832 918 827 919 816 918 792 911 786"/></Shape>
            <String CONTENT="Si tant soit peu tu ueulx pẽser aux choses"
                    HPOS="258"
                    VPOS="781"
                    WIDTH="661"
                    HEIGHT="52"
                    WC="0.997338498747626"></String>
          </TextLine>
          <TextLine ID="eSc_line_f52d3814"
                    TAGREFS="LT8"
                    BASELINE="260 857 882 855" 
                    HPOS="259"
                    VPOS="823"
                    WIDTH="623"
                    HEIGHT="51">
            <Shape><Polygon POINTS="260 857 260 869 314 870 315 870 316 870 317 870 323 866 365 871 365 871 366 871 367 871 367 870 373 866 411 866 422 874 423 874 424 874 425 874 426 874 454 866 481 870 482 870 506 866 521 873 521 873 522 873 523 873 524 873 524 872 532 866 548 871 549 871 550 871 601 865 611 873 612 873 613 873 614 874 732 874 732 873 777 865 789 873 790 873 791 873 792 874 842 874 842 873 842 873 860 865 879 872 882 855 880 831 853 831 840 824 839 824 838 824 837 824 836 824 836 825 829 830 773 825 772 825 771 825 770 825 763 831 703 831 693 823 692 823 691 823 690 823 689 823 670 829 643 825 642 825 642 825 641 825 635 831 569 831 529 830 522 824 521 824 521 824 520 824 519 824 518 824 510 828 474 824 383 824 382 824 381 824 380 824 380 825 373 830 342 824 341 824 340 824 319 830 310 824 309 824 308 824 307 824 259 827 260 857"/></Shape>
            <String CONTENT="Quon fait ⁊ dict en ce moustier/ ie te oses"
                    HPOS="259"
                    VPOS="823"
                    WIDTH="623"
                    HEIGHT="51"
                    WC="0.9925634195638258"></String>
          </TextLine>
          <TextLine ID="eSc_line_a9608ffc"
                    TAGREFS="LT8"
                    BASELINE="262 897 882 895" 
                    HPOS="261"
                    VPOS="864"
                    WIDTH="621"
                    HEIGHT="55">
            <Shape><Polygon POINTS="262 897 262 908 328 915 329 915 364 909 380 916 381 916 382 916 383 916 402 911 423 918 424 918 425 918 454 915 454 915 455 915 465 908 523 908 534 917 534 918 535 918 536 918 537 919 562 919 562 918 563 918 564 918 581 907 616 907 628 916 629 916 630 916 631 916 631 916 653 907 667 917 668 917 669 917 670 918 752 918 752 917 753 917 753 917 766 909 784 917 785 917 786 918 828 918 828 917 881 906 882 895 878 865 861 871 793 871 786 866 785 866 784 866 783 866 782 866 781 866 775 871 665 871 647 865 646 865 645 865 644 865 643 865 633 871 576 871 567 864 566 864 565 864 543 864 542 864 541 864 540 864 529 872 466 872 451 866 450 866 346 864 345 864 344 864 327 871 270 864 269 864 268 864 267 864 261 869 262 897"/></Shape>
            <String CONTENT="Bien asseurer/ que scauras promptement"
                    HPOS="261"
                    VPOS="864"
                    WIDTH="621"
                    HEIGHT="55"
                    WC="0.9852733345408189"></String>
          </TextLine>
          <TextLine ID="eSc_line_0facf0f4"
                    TAGREFS="LT8"
                    BASELINE="260 937 863 937" 
                    HPOS="260"
                    VPOS="907"
                    WIDTH="603"
                    HEIGHT="50">
            <Shape><Polygon POINTS="260 937 260 956 293 948 302 955 303 955 304 955 305 955 306 955 307 955 316 947 330 947 343 956 343 956 344 956 345 956 346 956 360 951 368 955 369 955 370 955 371 955 372 955 384 947 419 952 420 952 462 949 467 954 467 955 468 955 469 955 470 955 471 955 472 955 481 947 492 952 493 952 494 952 602 947 621 953 622 953 623 953 624 953 634 948 642 956 643 956 644 956 645 957 687 957 687 956 688 956 689 956 696 950 731 956 732 956 733 956 734 956 734 955 742 947 754 956 755 956 756 956 757 957 799 957 799 956 800 956 801 956 810 950 819 955 820 955 820 955 821 955 837 950 862 954 863 937 863 913 847 908 846 908 845 908 844 908 843 908 833 914 719 914 646 907 645 907 644 907 623 913 567 907 566 907 565 907 565 907 559 913 554 909 554 909 553 909 552 909 521 913 490 907 489 907 488 907 487 907 487 908 481 914 461 914 438 907 437 907 436 907 383 913 376 908 376 907 375 907 374 907 373 907 260 907 260 937"/></Shape>
            <String CONTENT="Pourquoy on la nomme si proprement."
                    HPOS="260"
                    VPOS="907"
                    WIDTH="603"
                    HEIGHT="50"
                    WC="0.997860746724265"></String>
          </TextLine>
          <TextLine ID="eSc_line_e56d4afb"
                    TAGREFS="LT8"
                    BASELINE="290 978 922 979" 
                    HPOS="289"
                    VPOS="942"
                    WIDTH="633"
                    HEIGHT="59">
            <Shape><Polygon POINTS="918 943 883 943 882 943 881 943 880 943 869 953 761 953 752 945 751 945 750 945 749 945 748 945 723 952 696 943 695 943 694 943 693 943 673 953 623 953 606 942 605 942 604 942 603 942 602 942 601 942 590 952 545 952 526 942 525 942 478 942 477 942 476 942 476 942 470 946 440 943 439 943 438 943 437 943 427 952 415 952 406 944 405 944 404 944 403 944 345 948 312 942 311 942 310 942 310 942 299 951 290 951 290 978 289 986 313 998 314 998 315 998 316 998 317 998 332 987 364 997 365 997 365 997 366 997 385 988 434 987 465 993 465 993 466 993 467 993 478 987 522 987 547 999 548 999 549 999 550 999 583 990 606 1000 607 1000 608 1001 642 1001 642 1000 643 1000 644 1000 654 991 665 994 665 994 666 994 667 994 680 988 691 992 692 992 693 992 694 992 711 988 725 1000 726 1000 727 1000 728 1000 729 1000 775 988 802 988 818 1000 819 1000 820 1000 820 1001 898 1001 898 1000 899 1000 921 989 922 979 921 946 918 943"/></Shape>
            <String CONTENT="Peuple dy moy/ nest pas un lieu terrible"
                    HPOS="289"
                    VPOS="942"
                    WIDTH="633"
                    HEIGHT="59"
                    WC="0.9787835523486137"></String>
          </TextLine>
          <TextLine ID="eSc_line_f0728ed2"
                    TAGREFS="LT8"
                    BASELINE="265 1020 479 1017 846 1021" 
                    HPOS="264"
                    VPOS="985"
                    WIDTH="582"
                    HEIGHT="53">
            <Shape><Polygon POINTS="265 1020 264 1034 277 1035 278 1035 279 1035 280 1035 292 1028 321 1028 332 1034 332 1034 333 1034 334 1034 358 1029 365 1034 365 1035 366 1035 367 1035 368 1035 369 1035 395 1029 406 1036 407 1036 408 1036 409 1036 410 1036 429 1030 454 1036 455 1036 456 1036 457 1036 476 1029 494 1036 495 1036 496 1036 533 1029 575 1029 586 1035 587 1035 587 1035 588 1035 621 1029 630 1036 630 1037 631 1037 631 1037 632 1038 666 1038 666 1037 667 1037 668 1037 668 1036 674 1032 707 1037 708 1037 709 1037 737 1030 753 1037 754 1037 755 1038 787 1038 787 1037 788 1037 809 1030 845 1030 846 1021 845 995 824 995 815 987 814 987 813 987 812 987 776 995 729 995 707 987 706 987 705 987 704 987 703 987 693 995 673 995 652 987 651 987 650 987 649 987 627 994 560 988 559 988 558 988 549 992 543 987 543 986 543 986 542 986 529 986 528 986 527 986 526 986 526 987 519 994 443 994 409 985 408 985 332 985 331 985 330 985 316 992 305 985 304 985 303 985 279 985 278 985 277 985 265 991 265 1020"/></Shape>
            <String CONTENT="Fort dangereux/ fort cruel/ ⁊ horrible/"
                    HPOS="264"
                    VPOS="985"
                    WIDTH="582"
                    HEIGHT="53"
                    WC="0.9968773967180496"></String>
          </TextLine>
          <TextLine ID="eSc_line_a065a6de"
                    TAGREFS="LT8"
                    BASELINE="264 1059 919 1061" 
                    HPOS="264"
                    VPOS="1026"
                    WIDTH="655"
                    HEIGHT="55">
            <Shape><Polygon POINTS="264 1059 264 1071 288 1071 296 1078 297 1078 298 1078 299 1078 299 1078 300 1078 310 1070 344 1076 345 1076 407 1070 446 1070 453 1075 454 1075 454 1075 455 1075 456 1075 465 1070 473 1077 474 1077 475 1077 476 1077 533 1070 542 1077 543 1077 543 1077 591 1080 592 1081 653 1081 653 1080 654 1080 670 1073 702 1080 703 1081 831 1081 831 1080 868 1071 918 1070 919 1061 918 1033 892 1028 891 1028 858 1035 835 1029 834 1029 833 1029 832 1029 814 1035 793 1027 792 1027 791 1027 790 1027 789 1027 778 1036 682 1036 671 1028 670 1028 669 1028 668 1028 667 1028 666 1028 657 1036 642 1036 631 1031 631 1031 630 1031 629 1031 620 1034 612 1028 612 1027 611 1027 610 1027 501 1026 500 1026 499 1026 498 1026 490 1033 460 1027 459 1027 458 1027 457 1027 447 1035 401 1035 387 1026 387 1026 386 1026 385 1026 384 1026 369 1034 361 1030 360 1030 359 1030 358 1030 357 1030 352 1035 320 1035 310 1026 309 1026 308 1026 283 1026 282 1026 281 1026 264 1034 264 1059"/></Shape>
            <String CONTENT="Qui iour ⁊ nuict est plein de gros larrons/"
                    HPOS="264"
                    VPOS="1026"
                    WIDTH="655"
                    HEIGHT="55"
                    WC="0.9903138252191765"></String>
          </TextLine>
          <TextLine ID="eSc_line_c1fe023e"
                    TAGREFS="LT8"
                    BASELINE="265 1101 642 1100 919 1103" 
                    HPOS="264"
                    VPOS="1067"
                    WIDTH="655"
                    HEIGHT="50">
            <Shape><Polygon POINTS="265 1101 264 1107 292 1114 293 1114 294 1114 304 1110 310 1115 311 1115 312 1115 313 1115 314 1115 330 1109 350 1109 361 1115 362 1115 363 1115 364 1115 365 1115 365 1115 365 1114 372 1109 393 1116 394 1116 395 1116 396 1116 414 1109 436 1114 437 1114 438 1114 439 1114 456 1109 479 1114 480 1114 481 1114 482 1114 483 1114 492 1109 513 1115 514 1115 515 1116 515 1115 516 1115 537 1109 552 1116 553 1116 554 1117 554 1116 554 1116 569 1109 602 1116 603 1116 654 1109 665 1114 665 1114 666 1114 724 1111 733 1116 734 1116 735 1116 736 1116 843 1110 858 1116 859 1116 860 1116 918 1111 919 1103 917 1074 734 1076 722 1068 721 1068 720 1068 720 1068 719 1068 704 1075 658 1068 657 1068 656 1068 655 1068 644 1077 572 1077 563 1069 562 1069 561 1069 560 1069 559 1069 542 1076 533 1068 532 1068 532 1068 531 1068 530 1068 529 1068 521 1075 503 1068 502 1068 501 1068 443 1073 265 1067 265 1101"/></Shape>
            <String CONTENT="Plus inhumains que pendardz ⁊ marrons."
                    HPOS="264"
                    VPOS="1067"
                    WIDTH="655"
                    HEIGHT="50"
                    ></String>
          </TextLine>
          <TextLine ID="eSc_line_167b1af1"
                    TAGREFS="LT8"
                    BASELINE="264 1143 896 1144" 
                    HPOS="263"
                    VPOS="1105"
                    WIDTH="633"
                    HEIGHT="59">
            <Shape><Polygon POINTS="264 1143 263 1149 353 1162 354 1162 354 1162 380 1150 430 1150 454 1156 454 1156 455 1156 490 1150 509 1157 509 1157 556 1158 557 1158 610 1151 649 1158 650 1158 651 1158 676 1152 724 1163 725 1164 763 1164 763 1163 764 1163 764 1163 777 1155 783 1159 784 1159 785 1159 786 1159 811 1156 820 1163 820 1163 821 1163 822 1164 878 1164 878 1163 879 1163 895 1154 896 1144 896 1117 879 1109 878 1109 877 1109 876 1109 862 1117 796 1117 787 1111 787 1111 786 1111 785 1111 784 1111 783 1111 777 1117 742 1117 731 1107 730 1107 729 1107 656 1107 655 1107 654 1107 654 1107 642 1117 580 1117 545 1115 534 1106 533 1106 532 1106 472 1106 471 1106 470 1106 469 1106 455 1116 415 1116 391 1106 390 1106 389 1106 388 1106 375 1111 343 1106 343 1106 342 1106 341 1106 331 1112 264 1105 264 1143"/></Shape>
            <String CONTENT="Doubter ne fault que ne soit bien terrible"
                    HPOS="263"
                    VPOS="1105"
                    WIDTH="633"
                    HEIGHT="59"
                    WC="0.9967278809774489"></String>
          </TextLine>
          <TextLine ID="eSc_line_be4cd923"
                    TAGREFS="LT8"
                    BASELINE="265 1184 592 1182 838 1187" 
                    HPOS="264"
                    VPOS="1147"
                    WIDTH="574"
                    HEIGHT="55">
            <Shape><Polygon POINTS="265 1184 264 1197 322 1192 339 1199 340 1199 341 1199 342 1199 343 1199 343 1199 349 1192 367 1192 379 1200 380 1200 381 1200 382 1200 383 1200 396 1196 431 1200 432 1200 432 1200 433 1200 433 1199 443 1192 482 1192 491 1199 491 1200 492 1200 493 1200 494 1201 522 1201 522 1200 523 1200 545 1192 557 1192 565 1200 565 1201 566 1201 567 1201 568 1201 620 1196 627 1201 628 1201 629 1201 630 1202 671 1202 671 1201 672 1201 698 1195 717 1201 718 1201 719 1201 720 1201 737 1193 836 1199 838 1187 837 1158 822 1158 814 1151 814 1150 813 1150 812 1150 811 1150 810 1150 794 1155 782 1148 781 1148 780 1148 779 1148 778 1148 760 1158 729 1158 717 1150 716 1150 715 1150 714 1150 713 1150 685 1157 673 1148 672 1148 671 1148 657 1148 656 1148 655 1148 654 1148 654 1149 645 1158 620 1158 606 1148 605 1148 604 1148 603 1148 560 1153 542 1147 541 1147 476 1147 476 1147 475 1147 474 1147 474 1148 464 1157 366 1157 307 1147 272 1147 271 1147 270 1147 269 1147 269 1148 265 1152 265 1184"/></Shape>
            <String CONTENT="Tres dangereux/ trescruel/ ⁊ horrible."
                    HPOS="264"
                    VPOS="1147"
                    WIDTH="574"
                    HEIGHT="55"
                    WC="0.9994678387516424"></String>
          </TextLine>
          <TextLine ID="eSc_line_6f0a378b"
                    TAGREFS="LT8"
                    BASELINE="262 1223 923 1226" 
                    HPOS="261"
                    VPOS="1190"
                    WIDTH="662"
                    HEIGHT="55">
            <Shape><Polygon POINTS="922 1223 920 1199 908 1193 908 1193 907 1193 886 1193 885 1193 884 1193 883 1193 875 1199 854 1193 853 1193 853 1193 852 1193 851 1193 838 1201 767 1196 766 1196 765 1196 764 1196 759 1201 748 1197 747 1197 746 1197 745 1197 744 1197 739 1202 704 1202 687 1192 687 1192 686 1192 685 1192 592 1201 553 1201 543 1193 543 1193 542 1193 541 1193 498 1200 478 1191 477 1191 443 1191 442 1191 441 1191 424 1199 412 1194 411 1194 410 1194 384 1199 367 1191 366 1191 365 1191 365 1191 348 1199 338 1192 337 1192 336 1192 335 1192 334 1192 307 1199 298 1191 297 1191 296 1191 262 1190 262 1223 261 1235 272 1243 273 1243 274 1243 275 1243 276 1243 277 1243 291 1233 330 1240 331 1240 358 1233 368 1241 369 1241 370 1241 371 1241 372 1241 373 1241 380 1236 396 1242 397 1242 398 1242 399 1242 429 1234 594 1234 615 1244 616 1244 617 1245 651 1245 651 1244 652 1244 663 1239 679 1244 680 1244 778 1245 779 1245 780 1245 816 1235 837 1244 838 1244 839 1244 840 1244 857 1240 874 1244 875 1244 875 1244 876 1244 877 1244 888 1237 921 1240 923 1226 923 1212 922 1223"/></Shape>
            <String CONTENT="Peuple/ entẽdz ◊iẽ/ ce moustier ce beau tẽple"
                    HPOS="261"
                    VPOS="1190"
                    WIDTH="662"
                    HEIGHT="55"
                    ></String>
          </TextLine>
          <TextLine ID="eSc_line_29cb18d5"
                    TAGREFS="LT8"
                    BASELINE="263 1269 903 1266" 
                    HPOS="262"
                    VPOS="1232"
                    WIDTH="641"
                    HEIGHT="83">
            <Shape><Polygon POINTS="263 1269 263 1297 270 1302 271 1302 272 1302 273 1302 274 1302 275 1302 275 1301 284 1293 349 1291 375 1310 376 1310 376 1310 377 1310 378 1310 410 1298 426 1309 427 1309 428 1309 429 1309 430 1309 459 1298 496 1315 497 1315 498 1315 498 1315 523 1304 554 1315 554 1315 555 1315 556 1315 557 1315 573 1302 614 1315 615 1315 616 1315 783 1314 784 1314 785 1314 820 1288 903 1287 903 1266 901 1243 858 1234 857 1234 856 1234 834 1243 795 1243 786 1234 785 1234 784 1234 783 1234 782 1234 781 1234 781 1235 773 1242 731 1238 730 1238 685 1243 665 1233 665 1233 664 1233 663 1233 644 1243 583 1243 556 1232 555 1232 554 1232 505 1242 495 1235 494 1235 493 1235 492 1235 491 1235 490 1235 481 1243 463 1243 452 1234 451 1234 450 1234 449 1234 448 1234 434 1242 421 1233 421 1233 420 1233 419 1233 395 1235 394 1235 393 1235 393 1236 387 1242 358 1233 357 1233 278 1233 277 1233 277 1233 262 1239 263 1269"/></Shape>
            <String CONTENT="Que maintenant tu regarde ⁊ contemple/"
                    HPOS="262"
                    VPOS="1232"
                    WIDTH="641"
                    HEIGHT="83"
                    ></String>
          </TextLine>
        </TextBlock>
        <TextBlock HPOS="802"
                   VPOS="1268"
                   WIDTH="130"
                   HEIGHT="71"
                   ID="eSc_textblock_58878ff4"
                   TAGREFS="BT17">
          <Shape><Polygon POINTS="802 1268 802 1339 932 1339 932 1268"/></Shape>
          <TextLine ID="eSc_line_b765f6cc"
                    TAGREFS="LT8"
                    BASELINE="809 1312 919 1309" 
                    HPOS="808"
                    VPOS="1269"
                    WIDTH="111"
                    HEIGHT="69">
            <Shape><Polygon POINTS="809 1312 809 1332 844 1338 845 1338 919 1330 919 1309 915 1269 897 1277 882 1269 881 1269 880 1269 808 1281 809 1312"/></Shape>
            <String CONTENT="Est un"
                    HPOS="808"
                    VPOS="1269"
                    WIDTH="111"
                    HEIGHT="69"
                    WC="0.9912576377391815"></String>
          </TextLine>
        </TextBlock>
      </PrintSpace>
    </Page>
  </Layout>
</alto>
