918 1481
66 78 639 65 de martyrs. Par lequel mot, il signi

67 122 637 66 fie, que des lors il se cõmenceoyt de

63 170 638 65 labus ⁊ tromperie, en faisant acroy¬

64 215 636 65 re au simple peuple, que des os re¬

64 261 632 67 cueillis ca ⁊ la, estoyẽt os de sainctz.

109 308 589 64 Puis que lorigine de cest abus est

64 352 635 67 si ancienne, il ne fault doubter, quil

63 401 636 63 nayt bien este multiplie cependant

63 446 635 67 par si long temps, mesme ueu que le

61 494 637 61 monde sest merueilleusemẽt corrum

63 541 632 62 pu depuis ce tẽps la sest quil est de¬

61 586 633 65 cline tousiours en empirant, iusque

60 634 634 64 a ce quil est uenu, en lextremite ou

60 681 304 55 nous le uoyons.

85 723 609 68 Car certes par telz maistres mẽson

60 773 633 63 giers, ouuriers diniqͥte, gẽtz effemi¬

59 818 630 65 nez, parolle de uerite est empeschee,

58 863 633 62 corrõpue ⁊ blasphemee, pour la leur

59 910 631 63 tresfauce ⁊ adulterine en toutes pla¬

56 956 634 64 ces, axalter, annoncer, ⁊ publier: nõ

56 1003 633 57 pas sans cheremẽt la uẽdre: car onc

56 1047 629 66 parolle de procureur, ou daduocat,

56 1097 630 61 de orateur, ou medecin, ne fut si che¬

54 1139 631 74 re, cõe la parolle de telz patriarches.

515 1193 168 69 Besoing
