918 1481
74 86 635 64 mẽt. En quoy sont trop abusez pao¬

74 132 633 65 ures gens, car le tout bien conside¬

72 178 631 63 rez, tant au mort que a lachepteur,

72 223 633 64 lun uault autant, comme lautre.

72 270 631 59 Du mort il est certain: car combien

70 315 634 65 que on le sache fort couurir, il na

70 362 634 60 garde de suer, ne pour la beaulte du

70 408 631 65 drap, se rire, ou esmouuoir. Quant

67 454 634 65 au paoure fol achepteur, il est notoi

64 503 631 67 re: car combien quil sache biẽ payer,

59 545 640 69 riẽ nen rapporte que la ueue, ⁊ sera

60 592 635 65 le lendemain pour un autre faict le

61 640 634 65 pareil, ainsi scauẽt bien ces maistres

60 688 634 64 pillars, abilement desployer ⁊ mon

61 734 630 66 strer, puis apres ꝓprement reployer

61 779 625 63 ⁊ rẽporter leurs tricq̃s ⁊ coquilles.

108 826 583 66 Oultre, nest ce pas abilite, de sca

54 870 637 66 uoir uendre sa marchãdise plus che

53 918 636 68 re selon la sorte des habillemens de¬

53 966 636 65 quoy le marchant est accoustre, uoi¬

50 1010 636 64 re, ⁊ sans que la marchandise en soit

48 1057 636 67 meilleure. Telle chose en autres mar

49 1105 634 66 chans que ceulx icy: iamais ne fut

51 1151 622 75 ueue: toutesfoys sãs cesser ilz le fõt,

431 1215 247 63 B 2 sans
