918 1481
69 83 646 63 ne, ⁊ sur tout quand le marchant est

71 133 641 61 estime, ⁊ quil scait baisser la teste, ou

70 180 639 63 la pendre dun couste, ⁊ faire bonne

71 238 115 53 mine.

121 270 588 63 Le cas est. Quelque Seigneur

74 317 631 59 uiendra, au conuent des Iacopins,

71 364 636 53 ou freres mineurs, aussi bons lun

72 410 634 52 cõme lautre, demander la belle mes¬

77 454 629 64 se. Ouy mõsieur uoꝰ laurez. Quel¬

72 504 634 57 que autre uient qui en demande au¬

72 550 633 59 tant. Ouy monsieur. Quelque au¬

74 599 633 58 tre encore autant. Ouy monsieur: ⁊

72 643 637 59 ainsi consequemmẽt en uienne tant

74 687 633 60 qui pourra, nul ne sera refuse. Puis

75 733 631 58 uoicy uenir le beau domine, qͥ uous

74 779 633 62 despesche tout cela. Mes beaux sei¬

74 826 633 61 gneurs sen uont contentz, le mar¬

72 873 633 62 chant est bien paye ⁊ repaye, chascun

75 916 632 63 sen ua riant, tant le uẽdeur que la¬

72 965 635 61 chepteur: Nest ce point grande habi¬

71 1015 636 57 lite, nest ce pas bien besongne? De

74 1055 635 64 telle marchãdise leurs greniers sont

74 1099 629 67 tous rẽplis. Et cela sappelle messes

76 1148 628 73 de grenier, ou messes salees, q̃ D ieu

703 1099 139 53 Messes

692 1145 128 56 salees.

471 1198 232 71 B 4 par
