918 1481
194 93 626 53 nus quod possunt dici deaurati: quia dãt

194 136 623 58 plumbum ⁊ reportant aurum: cest adire,

185 182 636 61 aucuns disent que les messagiers

187 232 634 56 du Pape ne sont point dorez: mais

189 277 632 57 plombez. Mais toy neantmoins dis

187 320 634 57 que on les peult dire dorez: car ilz dõ

186 372 634 51 nent le plomb, ⁊ emportent lor: cecy

191 414 629 61 sappelle besongner a laise du corps,

189 462 635 55 a tel ouurier, toutes choses sont pro¬

191 514 634 54 pres a marchãder ⁊ desrober: ⁊ pour

192 555 633 55 son cas mieux pallier, le nom de san

193 601 274 55 ctissime receoit.

183 645 643 62 Ia soit quil ne soit que un chape

198 693 631 54 lier a tout le moins, est il uendeur

190 740 640 62 de chapeaulx, ⁊ ne fut onc chapelier

195 787 636 60 qui uendist chapeaulx si cher: ⁊ se¬

195 839 637 53 lon la couleur, on faict le pris. Car se

193 878 640 61 ilz sont rouges, ilz sont fort chers,

195 925 638 62 aussi on en faict un peu mieulx ses

197 972 639 60 besongnes: tesmoingtz Christofle de

197 1018 640 59 forliuio, tiltre de ara celi. Lespai¬

200 1071 637 49 gnol de Angelis, auec sa grosse corde

200 1111 636 60 ⁊ plusieurs autres, dõt ie me depor¬

201 1158 636 69 te: car tout le monde les cõgnoist. Et

42 99 146 42 ma pri¬

39 130 149 55 mi. de ele

43 172 113 53 ctio. in

45 215 120 52 glo.pri¬

44 257 148 56 ma. in fi

43 299 58 56 ne.

51 646 130 59 Le cha¬

51 694 139 51 pelier de

53 735 121 56 Rõme.

706 1207 126 71 quand
