918 1481
70 78 640 65 quand les gẽtilz acheteurs, sont par

69 129 638 52 ce grand chapelier ainsi coiffez, ⁊ ac¬

69 174 634 59 coustrez de telz rouges chapeaulx:

67 218 637 60 lors ilz sen uont de uille en uille,

67 267 637 60 de place, en place, specialement a la

65 317 638 54 court des Princes ⁊ Roys, faire leͬs

65 357 635 57 mõstres, ⁊ estaller leur marchandi¬

66 404 634 62 se, ou (peult estre) pour practiquer

64 452 631 55 quelque butin: car ce chapeau rouge,

64 497 635 59 est plein de grand uertu, a qui le cõ¬

66 544 632 59 gnoist. Premieremẽt depuis que au¬

61 589 635 61 cun en est couuert, il luy est loysible

60 638 635 56 de tout faire, de tenir autant de be¬

59 683 635 61 nefices quil pourra attraper, soyent

58 728 633 63 (ainsi quilz parlent) compatibles

58 777 628 52 ou incompatibles, gros ou menuz,

55 823 636 59 tout sert a la cuysine. Secondement

55 868 634 60 il est affranchy des annates: cest a¬

53 915 635 59 dire pour quelque benefice quil em¬

51 961 632 58 poingne, il ne doibt point de uacãt,

50 1007 638 59 qui est grosse practique. Tiercement

48 1055 638 60 il est desia au chemin, ⁊ bien pres de¬

51 1102 634 59 stre luymesme le grand chapelier ⁊

51 1147 633 71 souuerain marchant. Ne sont ce pas

555 1202 118 64 beaux
