918 1481
85 64 643 68 disposer, pas un deulx ne se marie:

85 111 645 64 afin de plus a leur aise ribaulder, de

85 153 577 65 passer tẽps, ⁊ uiure sans soulcy.

126 202 602 65 Conclusion, il fault noter q̃ entre

85 245 640 73 une si grande cohorte de marchans,

82 292 646 73 il en y a de deux sortes, tous, neant¬

81 340 643 70 moĩs uiuãs en impurite de celibat,

81 385 643 69 desq̃lz aucũs gouuernẽt leur cas par

81 438 641 66 grosse ⁊ rude tyrãnie. Les autres ꝑ

79 478 643 73 belle hypocrisie, les p̃miers sõt ceulx

80 526 646 72 qui appertemẽt cõtraingnent le peu

80 572 644 72 ple, pour leur marchãdise achepter: ⁊

77 620 643 72 ny a remede, il fault passer par la,

77 668 647 65 ou estre par eulx meurtry ⁊ tue, ou

80 718 639 68 pour le moins de leur sinagogue ex

77 762 214 48 communie.

126 805 595 66 Les autres qui nont peu usurper

76 849 644 72 telle puissance de cõmander, sont ue

76 903 640 65 nuz par autre moyen: cestassauoir en

76 946 638 70 apparence de paourete, sur leur col,

76 991 643 72 portans besaces, tant simplemẽt fai

79 1041 640 66 sant la chatemitte, ⁊ a force de fines

75 1084 640 69 mines: cõme Essiens, Saduciẽs, ou

79 1130 635 72 Pharisiẽs, se sont uẽdus eulx mes¬

75 1179 640 73 mes. Aucunesfois ont aux malades

601 1239 113 59 baille
