918 1481
106 83 598 57 Et ou est lesprit qui iamais scau

60 132 640 54 roit reciter, ne langue declerer tous

59 177 641 56 les uoyages, tous les sauuages ⁊

59 225 639 48 nouueaux pelerinages q̃ peu a peu

59 270 639 49 ont este inuentez? autant y a de ma¬

58 312 641 60 nieres de sainctz, que de bestes ⁊ de

60 357 639 61 gens. Cõme S. Eloy pour les che¬

59 407 639 57 uaulx. S. Antoine pour les pour

59 451 637 57 ceaulx, S. Loup poͬ les brebis, S.

61 498 634 63 Iehan pour les aigneaulx, S. Hu¬

59 546 636 57 bert pour les chiens. Lun pour les

60 593 634 52 chieures, lautre pour les uaches, S.

63 639 632 59 Ferriol pour les oyes, ⁊ ainsi du de¬

58 686 640 58 mourant. Et pour les gens il en y a

59 731 639 56 a grãd plante: car il ny a mẽbre sur

58 776 642 59 la personne, ne maladie a lhõme sur

58 824 640 59 uenãte, qͥ ne ayt son particulier me¬

61 871 630 59 decin, S. Iob (que onc ny pensa)

61 915 638 59 guarist de la grosse uerolle, S. Apo

59 962 640 59 line des dẽtz, cõbien q̃ aucunesfoys

60 1008 640 53 me suis esmerueille que ces bons ou

63 1056 638 54 uriers nauoyent baille cest office, a

61 1104 640 58 S. Christofle, pourtant qͥl les auoit

61 1146 638 65 tant grãdes ⁊ grosses, que Geffroy

64 1194 637 68 a la grand dent ny feroy rien. Pro¬

380 1239 318 66 D 4 bation.
